2442 4125
192 337 251 396 106
398 339 628 390 msrrrurrouss
648 339 732 386 rurus
753 337 909 384 canorum.
934 341 937 346 ·

191 492 366 575 grandibus
379 489 469 552 lactis
483 505 517 548 se
531 485 695 564 disposuit.
717 485 867 563 Magnum
886 485 1004 547 factum
1025 495 1074 550 est
1094 490 1129 550 iu

192 587 332 649 Ecclesia
365 585 580 644 ministromm
608 578 808 658 inauguratio
841 599 848 639 :
884 581 1008 642 occasio
1042 581 1130 642 enim

192 701 316 764 magnae
338 680 481 743 utilitatis
502 679 553 740 vel
576 677 684 755 magui
707 675 886 737 detrimenti
909 695 979 738 esse
1010 683 1126 757 potest.

193 778 352 858 apostolis
361 776 455 857 jussit
469 775 523 851 Sp.
541 775 574 835 S.
592 772 687 852 (Act,
703 771 797 850 x11r)':
826 792 841 828 a
855 774 1029 852 segregate
1049 776 1131 836 mibi

193 877 324 938 Saulum
338 878 371 934 et
382 869 562 932 Barnabam
575 868 617 928 ad
628 885 707 946 opus
716 867 757 928 ad
767 867 853 946 quod
864 872 1022 948 assumpsi
1032 888 1098 932 eos.
1108 893 1124 928 o

192 972 329 1035 Ubinam
351 966 466 1028 certior
485 962 636 1026 vocatio?
657 963 719 1024 Sed
740 965 882 1041 Apostoli
896 967 1072 1045 jejunantes
1096 971 1128 1030 et

193 1068 320 1128 orantm
341 1064 603 1140 imponentesque
627 1060 672 1119 eis
694 1077 807 1119 manus
830 1059 1018 1122 dImiSerunt
1042 1063 1125 1124 illos

192 1162 270 1224 lude
283 1163 401 1224 statuta
413 1161 488 1219 suut
501 1157 542 1217 ab
554 1156 695 1217 Ecclesia
705 1156 826 1236 jejunia
846 1161 981 1237 quatuor
1002 1161 1129 1239 tempo-

193 1275 276 1334 rum,
293 1274 428 1336 quorum
442 1253 607 1316 occasione
622 1252 762 1313 Ecclesia
780 1255 850 1313 urat
871 1253 966 1314 etiam
995 1276 1009 1311 ιι
1032 1259 1068 1316 ut
1087 1257 1128 1317 ab

193 1354 339 1415 omnibus
361 1351 514 1431 gradibus
535 1351 600 1410 Deo
625 1349 719 1427 digne
739 1351 770 1410 et
787 1347 989 1411 laudabibter
1008 1354 1129 1413 servia-

192 1452 255 1510 tur.
271 1469 285 1505 »
304 1448 352 1507 lta
365 1447 397 1506 et
410 1442 542 1504 sabbato
556 1441 753 1503 antecedenti
769 1442 961 1505 dominicam
975 1463 1040 1525 qua
1054 1465 1129 1508 eon-

193 1547 334 1618 secratur
347 1541 523 1622 episcopus,
540 1555 651 1616 preces
665 1541 697 1600 ct
707 1538 865 1618 jejunium
879 1543 1125 1619 praemittuntnr.

233 1644 266 1700 2⁰
279 1639 329 1699 Ab
346 1638 485 1717 episcopo.
507 1669 548 1680 —
566 1634 759 1695 Scrutiuium
780 1655 786 1695 ε
812 1636 898 1697 Trid.
920 1655 997 1699 sesa.
1013 1641 1124 1703 XXIII.

193 1747 294 1793 c.v1r.
323 1729 566 1807 «Antiquarum
585 1744 742 1788 canonum
764 1729 906 1808 vestIgiis
926 1731 1124 1811 inbaereudo,

193 1823 335 1885 decernit
362 1825 397 1884 ut
423 1820 551 1900 quando
576 1821 742 1901 episcopus
767 1821 998 1884 ordiuationem
1021 1825 1127 1889 facere

193 1918 393 2000 disposuerit,
410 1935 519 1980 omnes
534 1918 587 1998 qui
601 1917 643 1979 ad
661 1934 788 1979 sacrum
806 1920 1016 1983 ministerium
1037 1942 1129 1986 acce-

194 2019 268 2080 dere
283 2017 451 2094 voluerint,
467 2015 546 2078 feria
561 2018 674 2096 quarta
687 2021 760 2077 autc
773 2017 875 2096 Ipsam
894 2018 1127 2082 ordinationem

193 2118 243 2179 vel
258 2116 384 2197 quando
399 2114 546 2195 episcopo
562 2113 729 2187 videbitur,
749 2113 791 2173 ad
811 2114 972 2177 civitatem
992 2134 1127 2179 avocen-

192 2219 254 2277 tur.
270 2216 443 2292 Episcopus
457 2214 574 2285 autem,
590 2208 807 2271 sacerdotibus
823 2214 854 2273 et
873 2211 942 2272 aliis
963 2212 1127 2291 prudenti-

193 2312 252 2371 bus
266 2309 342 2369 viris
355 2306 465 2385 peritis
479 2305 592 2366 divinae
607 2304 686 2383 legis
700 2322 737 2366 ac
750 2306 783 2366 in
802 2308 1020 2371 ecclesiasticis
1039 2329 1128 2372 sanc-

193 2401 331 2463 tionibus
345 2400 522 2463 excroitatis
536 2399 594 2460 sibi
605 2400 742 2480 adscitis,
756 2403 1002 2467 ordinandorum
1012 2424 1125 2486 genus,

193 2511 370 2574 personam,
394 2496 531 2570 atatem,
552 2492 790 2574 institutionem,
811 2515 927 2576 mores,
948 2500 1128 2563 doctrinam

193 2598 225 2653 et
237 2590 333 2653 fidem
347 2590 515 2670 diligenter
527 2591 697 2672 investiget
710 2597 742 2656 et
756 2595 923 2657 examinat.
940 2617 954 2654 c

234 2682 323 2763 Quod
337 2690 363 2751 si
378 2706 481 2751 sermo
495 2688 536 2749 sit
550 2688 589 2749 de
608 2688 779 2769 Majoribus
801 2691 974 2769 ordinibus
997 2694 1065 2755 sive
1085 2696 1127 2757 ob

193 2786 315 2869 majora
335 2785 510 2849 ministeria
531 2803 600 2864 quae
623 2804 677 2847 eos
697 2789 816 2862 manet,
840 2787 905 2848 siva
920 2789 995 2868 quia
1013 2792 1127 2852 eorum

192 2884 390 2963 susceptione
404 2885 503 2945 status
524 2881 695 2961 acquisitus
715 2882 748 2943 in
768 2882 940 2943 miuoribus
961 2885 1127 2949 ordinibus

192 2980 293 3061 magis
306 2980 471 3060 magisque
486 2977 653 3053 dirimitur,
671 2980 703 3039 et
716 2978 858 3041 absolute
876 2998 1078 3059 permanens,
1096 2986 1128 3045 et

193 3079 364 3155 perpetuus
378 3076 495 3153 evadit,
510 3074 609 3135 voluit
623 3076 657 3134 nt
671 3080 703 3134 ct
716 3076 977 3153 proclamationes
991 3078 1127 3156 publicae

191 3172 223 3231 iu
237 3172 377 3233 aeclesia
394 3174 507 3234 fierent
529 3169 710 3232 denomino
726 3174 756 3232 et
771 3171 926 3233 desiderio
947 3189 1056 3233 eorum
1072 3173 1129 3253 qui

191 3269 301 3330 volunt
315 3268 505 3346 promoveri,
517 3270 553 3329 ut
566 3267 688 3328 meliori
703 3284 763 3347 quo
778 3270 885 3346 posset
898 3268 1003 3346 modo,
1017 3268 1043 3328 si
1054 3287 1126 3348 quae

192 3362 223 3422 in
239 3362 285 3423 ais
299 3365 382 3424 esset
395 3362 567 3443 indignitas
585 3367 641 3424 aut
659 3363 844 3424 canonIcum
858 3354 1126 3443 'impedimentum

192 3460 402 3539 detegeretur,
427 3462 458 3521 et
479 3459 578 3520 voluit
592 3463 627 3521 ut
640 3458 784 3537 specialis
798 3460 957 3540 inquisitio
972 3460 1062 3523 fieret
1084 3462 1125 3521 de

192 3554 439 3620 ordinandorum
465 3553 686 3640 qualitatibus,
710 3558 741 3617 et
761 3556 873 3621 litterae
896 3557 1126 3623 testimoniales
