2442 4125
353 360 391 423 ps
413 360 543 406 ossncro
564 360 647 407 suuis
669 362 825 409 csuourcr.
996 356 1056 413 213

123 522 162 567 eo
190 500 423 582 intelligebatur
449 503 671 566 contrahentes
691 504 791 585 jocari
815 506 962 584 voluisse,
992 528 1055 571 non

124 600 323 678 contrahere,
339 600 426 662 velut
439 599 465 659 si
476 599 642 661 dixissent:
655 600 806 663 Promitte
816 602 875 664 tibi
889 605 1056 680 pecuniam

124 699 150 759 si
170 697 286 759 coslum
306 696 459 776 tetigeris,
481 695 507 755 si
527 713 616 756 mare
637 695 811 759 ebiberis...
835 698 886 759 vel
909 698 989 779 (jure
1013 701 1057 761 sic

122 789 345 873 praesumente)
366 791 392 851 si
414 790 530 852 Titium
552 790 687 852 occides.
708 792 766 853 lus
787 793 871 853 enim
891 812 954 853 non
975 813 1057 873 proe-

122 888 218 951 sumit
238 887 442 967 delinquendi
462 888 669 963 voluntatem,
693 890 724 950 et
745 888 867 949 etiamsi
884 891 969 951 mala
987 892 1056 953 heac

122 984 268 1045 voluntas
282 980 386 1057 fuerit,
404 998 467 1040 non
482 978 549 1040 vult
563 997 674 1040 ansam
689 980 831 1059 praebere
850 980 967 1058 delicti,
983 1000 1055 1044 oon·
1174 1048 1180 1055 ,

121 1076 257 1136 tractum
271 1072 453 1133 sustinendo
469 1071 527 1131 sub
542 1072 725 1151 hujusmodi
738 1073 928 1135 conditione.

164 1169 271 1233 Simile
295 1168 348 1249 jus
372 1168 456 1248 quod
480 1168 598 1229 obtinet
620 1168 653 1227 in
676 1169 797 1230 caeteris
821 1171 1053 1249 contractibus,

118 1268 210 1346 juxta
243 1264 394 1341 berardi,
432 1263 681 1342 protrahendum
715 1269 763 1325 est
797 1264 838 1325 ad
877 1268 1052 1347 sponsalia.
1150 1330 1156 1339 ,

121 1363 201 1423 Diss.
219 1364 261 1437 2¹,
278 1378 347 1438 cap.
365 1376 387 1437 1,
405 1379 436 1422 n.
454 1362 503 1421 32.
702 1366 704 1370 ’

163 1458 225 1519 Sed
241 1456 401 1518 diversum
411 1455 464 1536 jus
479 1456 642 1519 obtinebat
653 1457 686 1516 in
697 1456 813 1519 ultimis
823 1457 1052 1537 voluntatibus;

121 1573 184 1617 non
199 1554 284 1615 enim
299 1552 379 1634 J'oois
402 1558 434 1615 et
453 1551 573 1613 lusibus
594 1552 757 1632 indulgere
779 1554 981 1631 praesumitur
1001 1558 1056 1635 qui

121 1650 310 1731 cogitatione
324 1650 444 1726 mortis,
460 1650 683 1709 testamentum
702 1649 852 1727 condidit,
876 1656 931 1713 aut
949 1653 1054 1732 pravis

119 1748 219 1811 animi
232 1746 369 1808 consiliis
388 1745 565 1825 indulgere,
588 1746 702 1824 quibus
721 1746 842 1808 etiamsi
860 1748 1052 1826 indulsisset,

120 1863 183 1905 non
211 1862 311 1923 usque
338 1842 378 1902 ad
405 1845 540 1903 mortem
568 1841 775 1920 pervicaciter
797 1844 964 1907 indulsisse
985 1865 1054 1908 ore-

119 1939 259 2001 dendnm
275 1943 332 2014 est,
350 1937 523 2018 etquidem
544 1954 581 1998 eo
602 1930 712 1999 mortis
729 1942 872 2019 tempore
893 1959 956 2021 quo
970 1941 1054 2003 vires

120 2033 237 2096 habere
251 2031 362 2112 incipit
375 2033 609 2095 testamentum.

159 2129 375 2190 Praesnmebat
393 2127 490 2208 igitur
506 2126 555 2188 lex
574 2129 739 2189 testatores
759 2126 948 2206 cogitatione
968 2147 1054 2191 mor—

118 2226 248 2290 talitatis
271 2225 351 2286 adeo
376 2223 544 2304 aliquando
565 2223 698 2301 turbari,
721 2224 803 2284 atsi
824 2242 894 2304 quae
915 2226 956 2287 ab
976 2225 1053 2306 ipsis

118 2322 314 2384 conditiones
326 2321 622 2402 quomodocumque
632 2319 841 2399 impossibiles
851 2321 1050 2402 adjiciantur,

118 2419 223 2498 potius
238 2436 276 2478 ex
295 2416 391 2477 animi
410 2415 648 2494 perturbatione
667 2434 762 2496 quam
785 2416 958 2479 deliberato
978 2436 1053 2480 con-

118 2515 186 2575 silio
202 2513 334 2594 adjectae
348 2513 530 2586 videantur3
546 2512 681 2592 ideoque
701 2511 740 2572 iis
759 2531 822 2573 non
841 2514 1049 2592 obstantibus,

118 2612 292 2675 sustinebat
317 2611 480 2674 haeredum
500 2610 722 2688 institutiones,
746 2611 863 2691 legata,
889 2613 1052 2674 fideicom-

117 2727 224 2770 mrssa.

158 2802 309 2864 Similiter
322 2806 354 2863 et
367 2800 562 2863 conditiones
581 2800 664 2862 facto
678 2800 728 2861 vel
739 2801 811 2880 jure
826 2800 1047 2879 impossibiles,

117 2896 317 2957 matrimonio
332 2895 495 2974 appositae,
517 2895 736 2957 existimantur
754 2895 843 2974 quasi
863 2895 1051 2959 excidissent

117 2992 238 3071 sponsis
252 2991 314 3053 alio
328 2991 484 3054 distractis
498 3009 518 3052 a
530 2991 717 3071 gravissima
738 2991 783 3052 rei
797 2991 944 3070 gerendae
965 2991 1051 3070 cogi-

115 3087 244 3148 tatione.

156 3182 236 3254 Ouid
258 3185 365 3244 autem
388 3182 414 3243 si
438 3185 548 3245 contra
568 3180 749 3263 hujusmodi
770 3180 1049 3262 presumptionem

115 3279 258 3340 asserant
272 3277 493 3338 contrahentes
508 3278 631 3340 stetisse
645 3277 719 3338 facti
738 3277 913 3354 veritatem,
934 3277 967 3339 id
987 3283 1045 3357 est,

114 3387 147 3430 se
155 3369 834 3450 subconditioneimpossibilimatrimonium
842 3373 1045 3450 contraxisse,

115 3465 324 3544 quianullum
339 3466 498 3528 habebant
512 3467 653 3528 animum
667 3467 884 3545 contrahendi,
896 3470 953 3530 sad
963 3467 1047 3530 vole-

114 3560 191 3623 bant
204 3560 249 3623 sio
263 3561 396 3623 illudere
410 3569 442 3624 et
451 3562 572 3643 jocari?
