2442 4125
310 354 348 399 un
369 354 497 401 oaracro
517 354 600 401 suars
621 354 778 401 casuales.
969 345 1009 405 35

71 500 181 561 nullus
191 488 381 559 christianus
391 496 454 558 dici
462 497 602 576 deberet,
611 498 734 577 quoties
742 497 1010 561 wutrelicclesite

70 596 270 659 voluntatem
290 594 466 672 baptismus
486 593 619 655 collatus
638 592 760 655 tumr.
782 591 866 673 Ergo
888 612 928 655 ex
949 594 1011 655 trac

71 696 164 773 parte
188 695 274 753 certe
297 692 530 751 sacramentum
553 689 800 751 confirmationis
822 706 884 751 nou
907 693 1012 769 potest

72 788 137 849 dici
150 786 255 847 valide
271 785 524 848 administratum
543 803 581 845 ex
602 785 819 867 delegatione:
836 785 904 847 siue
923 786 1011 849 dete·

73 879 202 960 gatione
218 898 279 940 non
295 880 350 941 ita.

116 976 152 1037 Si
166 977 272 1035 autem
284 973 460 1053 jurisdictio
476 991 538 1035 uon
553 975 735 1054 requiritur,
755 992 855 1056 quare
872 974 940 1035 siue
954 974 1012 1037 de-

73 1071 233 1151 legatione
248 1068 385 1130 invalide
401 1070 471 1149 quis
485 1071 672 1133 confirmet?
685 1089 749 1132 non
762 1075 867 1150 potest
878 1088 1011 1150 respon·

75 1165 144 1228 den‘
173 1166 259 1245 quod
283 1184 321 1225 ex
348 1165 545 1245 delegatione
573 1166 769 1245 compleatur
793 1172 933 1245 potestas
959 1184 1012 1229 or·

73 1262 157 1322 dinis
169 1259 177 1299 ¹
191 1280 198 1321 ε
212 1278 274 1339 quo
284 1278 379 1322 sensu
390 1262 474 1322 enim
484 1261 545 1324 hoc
558 1261 693 1323 dicitur?
702 1264 858 1343 quatenus
868 1265 1012 1341 potestat

75 1357 195 1420 ordinis
208 1358 241 1417 in
256 1374 312 1418 suo
328 1376 444 1437 genere
458 1357 598 1437 perfecta
611 1357 751 1437 postulat
760 1356 1011 1439 jurisdictionem

73 1454 106 1516 iu
129 1472 188 1515 suo
212 1454 370 1533 exercitio,
387 1454 468 1516 sicut
487 1455 602 1517 accidit
624 1455 657 1515 in
683 1458 882 1517 sacramento
908 1453 1011 1532 poeni·

72 1549 204 1613 tentiae?
218 1549 281 1612 sed
295 1550 357 1612 huc
371 1549 454 1613 redit
471 1549 503 1611 id
526 1550 612 1631 quod
631 1550 828 1613 confutatum
845 1553 904 1612 est.
924 1550 1011 1622 Que-

72 1652 166 1711 tenus
195 1646 351 1726 delegatio
385 1647 527 1726 perficiet
558 1650 749 1727 potestatem
782 1646 903 1709 ordinis
936 1662 1008 1726 quae

71 1746 199 1806 tentum
219 1741 400 1805 inchoativa
421 1746 452 1805 et
471 1742 665 1805 insufficiens
687 1743 757 1805 esti
778 1742 835 1804 sed
849 1741 1009 1823 quomodo

72 1843 206 1900 externa
219 1834 324 1896 missio
340 1838 371 1898 et
385 1835 540 1916 delegatio
553 1836 677 1915 perfluit
683 1836 890 1899 idoneitatem
898 1834 1009 1898 intrin·

70 1949 180 1995 secam
204 1948 274 2010 quae
303 1950 341 1993 ex
368 1932 550 1993 charactere
578 1930 800 1994 sacramentali
826 1930 947 2006 defluit,
977 1932 1011 1992 et

71 2029 233 2092 mediante
248 2028 309 2092 ritu
330 2026 561 2105 sacramentali,
583 2043 646 2089 nou
665 2026 875 2107 delegatione,
895 2026 1006 2105 acqui·

75 2123 180 2188 ritur'l

115 2221 273 2293 Quantum
296 2219 449 2300 perpendi
471 2220 531 2281 hoc
553 2217 734 2300 problema,
760 2214 1009 2298 plausibiliorem

73 2319 141 2400 ejus
161 2315 349 2376 solutionem
370 2315 578 2383 animadverti
598 2332 670 2376 eam
691 2331 788 2395 qnam
807 2311 930 2393 praehet
948 2311 1010 2374 Be-

73 2412 210 2488 rardius,
241 2411 386 2474 videlicet
410 2412 495 2492 quod
517 2412 590 2474 licet
612 2412 755 2474 Christus
777 2409 929 2472 llomiuns
951 2426 1009 2472 vo·

72 2505 168 2568 luerit
194 2507 231 2565 ut
258 2505 416 2567 ordinaria
443 2508 713 2568 sacramentorum
735 2502 965 2566 administratio
988 2518 1008 2563 s

73 2603 229 2685 potestate
251 2600 369 2662 ordinis
392 2601 565 2681 penderet,
589 2605 782 2663 nontamen
809 2600 855 2661 ita
882 2602 917 2660 ut
942 2613 1007 2659 non

74 2704 180 2783 posset
203 2698 452 2764 extraordinarie
473 2701 644 2781 aliquando
667 2700 750 2762 illius
772 2698 909 2762 defectui
931 2715 1007 2775 sup·

75 2797 165 2880 pleri,
196 2798 244 2858 lta
277 2796 351 2858 licet
378 2797 553 2859 ordinarius
580 2796 729 2877 baptismi
755 2793 940 2857 administer
966 2792 1007 2854 sit

76 2895 251 2976 presbyter,
269 2895 408 2955 attamen
427 2899 515 2957 extra
536 2895 680 2956 ordinem
699 2892 788 2954 illum
808 2888 1007 2952 administrat

77 2991 282 3066 etdiaconus,
299 2990 393 3052 etita
412 2989 540 3071 quidem
560 2989 586 3050 si
605 2989 638 3050 in
658 2987 791 3050 solemni
809 2983 1006 3064 baptismatis

78 3087 242 3150 collatione
256 3085 428 3148 sacerdotis
443 3087 526 3148 vices
540 3083 678 3165 suppleri
693 3083 797 3146 debet.
819 3083 853 3145 Si
871 3099 946 3143 vero
965 3079 1006 3143 de

78 3183 198 3263 privata
212 3182 409 3264 baptismatis
424 3183 589 3246 collatione
604 3182 645 3243 sit
658 3197 772 3257 sermo,
788 3177 1007 3241 extraordina-

79 3281 139 3341 rius
160 3279 345 3360 administer
365 3282 412 3342 est
432 3278 563 3360 quilibet
578 3276 695 3355 fidelis,
716 3276 780 3339 imo
804 3280 836 3339 et
856 3274 1003 3337 infidelis.

81 3377 236 3459 Numquid
251 3375 326 3458 quia
339 3377 391 3439 alii
411 3377 506 3440 etiam
524 3377 638 3456 preater
654 3375 876 3455 presbyterum
893 3372 1006 3435 admit·

109 3579 176 3634 ¹ch
190 3583 286 3636 auotsu
299 3581 392 3635 noster
408 3592 485 3634 suem
505 3576 664 3648 opinionem
677 3574 857 3648 porticulum
875 3569 1007 3624 defendit.
