2442 4125
222 342 281 400 286
434 347 661 396 msrrrurrouns
682 347 764 394 runis
786 346 943 393 cruorum.

222 500 307 562 tione
321 497 361 556 ab
377 494 497 570 ordine,
516 496 571 554 aut
584 491 781 570 promotione
796 490 837 552 ad
855 489 1002 552 ordinem
1018 494 1155 573 superio-

222 613 301 671 rem,
318 591 468 670 suspendi
482 595 537 651 aut
551 589 660 673 vocari
671 593 777 666 posset
792 587 965 649 ordinatus,

263 687 325 748 Sed
341 688 464 746 vetusta
480 685 547 743 haec
561 680 727 758 disciplina
738 698 802 759 qua
813 680 941 757 ordinis,
953 682 1025 759 ipso
1035 683 1156 744 ordina-

221 783 314 844 tionis
333 787 417 857 actu,
439 776 673 857 providebatur
693 793 883 854 permanens
904 781 1075 856 occupatio
1100 799 1157 860 qua

221 886 384 959 acceptam
398 880 586 958 potestatem
599 891 724 935 sacram
739 877 936 951 exerceruut,
954 879 988 937 et
1002 877 1091 937 unda
1106 878 1156 938 ali-

220 982 361 1038 mentum
375 993 433 1054 pro
449 974 521 1034 vitae
537 972 623 1033 cultu
642 971 839 1048 susciperint,
860 969 934 1032 licet
954 972 1156 1058 aliundeop-

220 1073 307 1148 tima,
323 1090 386 1132 uon
402 1076 470 1130 erat
483 1074 589 1130 autem
605 1066 698 1126 unica
713 1065 892 1156 disciplina3
909 1067 1036 1128 etsicut
1051 1075 1155 1129 aucto-

220 1168 311 1227 ritate
326 1163 537 1225 ecclesiastica
551 1159 720 1238 conjuncta
734 1163 801 1219 erat
811 1157 930 1218 ordinis
941 1158 1072 1221 collatio
1088 1178 1155 1220 cum

220 1261 385 1321 collatione
400 1255 600 1319 determinati
618 1253 750 1332 aliqu'us
771 1251 877 1329 officii,
893 1253 939 1313 ita
957 1256 1087 1331 poterat
1108 1274 1155 1316 ec·

218 1355 393 1417 clesiastica
407 1353 593 1414 auctoritate
608 1348 745 1428 sejungi.

260 1453 429 1527 Propterea
440 1446 507 1526 ja'm
530 1451 606 1506 tuuc
630 1463 650 1505 a
672 1443 787 1504 seculo
811 1443 877 1519 llll,
903 1443 1155 1509 admittebantur

219 1547 269 1608 bic
282 1546 345 1606 illic
360 1542 463 1604 clerici
486 1541 526 1602 ad
541 1558 666 1601 sacram
680 1537 911 1600 ordinationem
926 1541 995 1600 sine
1010 1548 1155 1622 respectu

218 1642 259 1703 ad
274 1641 520 1702 determinatum
533 1635 673 1698 officium
694 1634 821 1713 aliquod
841 1635 874 1695 in
894 1636 1041 1698 Ecclesia
1063 1655 1156 1716 praes·

218 1741 365 1811 tandum;
378 1738 434 1798 sed
444 1741 479 1797 ut
488 1754 546 1814 pro
560 1734 707 1795 licclesiae
719 1734 1031 1820 opportunitate,vel
1047 1754 1155 1797 neces-

220 1836 311 1895 sitate
322 1834 414 1912 juxta
429 1832 649 1908 episcoporum
662 1829 825 1889 consilium
840 1829 1040 1894 inservirent.
1060 1833 1156 1894 Sacra

217 1932 324 1991 autem
336 1928 439 1989 officia
449 1926 489 1986 ab
499 1926 640 1986 Ecclesia
649 1925 858 1987 determinata
867 1945 925 2004 pro
936 1926 1155 1991 functionibus

217 2025 383 2090 ordinariis
409 2026 511 2089 cultus
539 2023 648 2101 divini,
675 2023 768 2103 juxta
794 2024 938 2086 locorum
965 2027 1154 2089 varietatem

218 2123 441 2203 praestandam,
467 2121 598 2182 seorsim
626 2137 646 2180 a
672 2136 761 2180 sacra
789 2119 987 2181 ordinatione
1015 2123 1154 2184 conferri

217 2222 391 2298 coeperunt,
407 2217 457 2278 vel
472 2220 544 2277 ante
559 2215 662 2292 ipsam
677 2217 711 2274 ut
730 2214 851 2275 clericis
868 2219 1021 2295 tanquam
1042 2217 1154 2279 titulus

216 2332 281 2373 suar
297 2311 501 2374 ordinationis
516 2309 691 2371 secundum
709 2310 877 2389 vestigium
898 2312 1037 2391 antiquae
1057 2312 1153 2375 disci·

216 2405 309 2483 plinae
323 2404 523 2479 inservirent,
539 2407 595 2464 aut
608 2403 760 2465 ordinatis
774 2403 895 2464 clericis
908 2406 1091 2466 traderetur
1107 2408 1155 2467 oi-

215 2500 321 2560 ficium
336 2498 590 2575 determinatum,
607 2499 692 2579 quod
707 2498 984 2561 indeterminatum
998 2502 1156 2581 quodam-

215 2596 310 2657 modo
326 2613 364 2655 ex
379 2594 446 2655 sola
460 2594 658 2655 ordinatione
672 2597 876 2655 remanserat.

255 2693 363 2754 XXlX.
388 2693 455 2750 Duo
484 2695 574 2752 erant
600 2689 741 2770 pericula
768 2689 882 2767 quibus
911 2691 1053 2771 subjecta
1083 2699 1157 2756 erat

214 2789 282 2849 haec
297 2786 462 2865 disciplina
482 2804 489 2845 :
507 2788 538 2845 l⁰
559 2786 664 2846 Otium
685 2784 886 2859 clericorum3
910 2790 943 2847 2⁰
961 2786 1156 2851 Mendicitas

214 2904 269 2946 seu
283 2886 465 2964 paupertas,
482 2898 596 2961 nempe
615 2881 756 2942 deiectus
776 2884 1010 2944 sustentationis
1030 2900 1157 2947 conve-

214 2979 339 3041 nientis.
357 2978 390 3039 Si
414 2978 483 3038 haec
503 2976 644 3057 pericula
665 2976 899 3054 avertebantur,
924 2996 987 3038 non
1009 2982 1081 3041 erat
1104 3000 1158 3042 re-

214 3072 484 3153 prehendendum,
513 3072 539 3133 si
561 3077 684 3159 praeter
700 3088 865 3132 numerum
893 3076 1095 3150 consuetum,
1125 3082 1157 3137 et

212 3171 462 3232 indeterminatis
486 3169 596 3229 officiis
620 3184 783 3229 sacrorum
812 3168 1027 3229 ministrorum
1054 3172 1157 3247 copia

213 3267 392 3340 augeretur,
409 3268 445 3323 ut
458 3261 516 3322 sub
535 3257 682 3340 Episcopi
702 3260 830 3323 arbitrio
852 3260 1000 3321 Ecclesia
1020 3260 1157 3325 utilitati

211 3355 262 3413 vel
287 3357 513 3435 opportunitati
536 3356 733 3417 inservirent.
763 3357 846 3433 Ergo
875 3354 1010 3415 Romani
1040 3357 1156 3419 Ponti-

103 3442 105 3447 ’
212 3451 286 3509 sices
302 3454 332 3511 et
347 3453 485 3513 coucilia
499 3451 711 3532 opportunum
725 3466 788 3511 non
803 3450 1005 3512 crediderunt
1015 3453 1154 3514 omniuo

211 3543 363 3622 impedire
386 3563 501 3607 novam
520 3545 718 3624 disciplinam
746 3562 816 3624 qum
839 3543 1061 3621 inducebatur,
1090 3548 1154 3608 sed
