2442 4125
165 256 224 316 228
373 263 601 312 rusrrrurrorss
622 262 706 308 murs
728 262 890 308 aaronica

166 409 332 473 suetudine
351 411 437 470 certo
455 407 607 468 abolitum
625 409 674 468 est
695 405 775 467 illud
796 407 1072 486 impedimentum
1084 412 1103 470 ¹.

171 529 186 562 u
201 502 376 568 Catectrsmi
387 503 514 562 nomine
529 501 580 561 hic
593 501 682 562 venit
693 500 860 563 instructio
876 520 936 562 seu
950 503 1106 582 professio

167 600 253 678 fidei,
269 617 339 679 quaa
353 603 427 660 ante
441 599 641 658 collationem
653 597 803 674 baptismi
819 615 889 675 quae
904 597 1035 659 loribus
1052 602 1107 660 Ec

167 698 271 758 clesiae
286 714 382 774 super
394 693 597 772 baptizando,
614 693 664 753 vel
683 693 773 753 istius
791 693 920 754 nomine
940 695 1016 754 fieri
1037 713 1108 756 oon·

168 793 281 868 suevit,
294 793 389 852 etiam
403 791 435 850 in
446 788 599 849 hodierna
608 789 758 861 Ecclesia,
770 789 847 849 dum
860 790 1021 851 sacerdos
1034 792 1107 869 bap-

169 891 268 951 tizans
282 889 457 966 interrogat
470 885 665 963 baptizatum
679 903 720 945 au
734 888 853 946 satanae
868 887 1057 964 renuntiat,
1070 907 1108 975 an

168 985 289 1059 credat,
304 979 364 1058 eto}
379 988 410 1043 et
420 982 488 1042 loco
499 981 650 1060 baptizati
657 981 696 1056 is,
707 980 761 1059 qui
770 981 804 1040 in
813 981 1015 1043 catechismo
1027 1001 1107 1043 eum

168 1080 243 1141 dem
256 1081 358 1153 tenet,
375 1077 416 1136 ad
431 1077 571 1155 singulas
583 1077 845 1156 interrogationes
859 1079 1035 1155 respondit
1048 1077 1071 1140 ².
1091 1101 1105 1134 u

208 1173 302 1234 Aliud
317 1171 576 1250 impedimentum
596 1189 654 1250 per
675 1171 939 1232 cousuetudinem
964 1173 1009 1233 de
1030 1175 1108 1234 facto

169 1269 328 1330 sublatum
356 1271 403 1330 est
428 1268 506 1328 illud
526 1268 610 1348 quod
628 1268 789 1328 oriebatur
806 1286 845 1328 ex
865 1269 1016 1330 crimine.
1039 1273 1109 1331 Hac

169 1367 274 1426 autem
297 1363 427 1423 cumina
450 1381 520 1442 quae
550 1362 766 1441 impediebant
792 1380 831 1422 ue
863 1364 1107 1426 matrimonium

168 1459 268 1542 possit
280 1458 364 1520 licite
380 1458 534 1534 contrahi,
557 1461 631 1520 sunt
649 1458 806 1537 praeeipue
828 1462 900 1520 octo
917 1479 924 1520 :
944 1462 1107 1538 susceptio

169 1554 305 1636 propriae
320 1555 418 1635 prolis
434 1572 472 1614 er
490 1571 579 1615 sacro
601 1553 698 1630 fonte,
721 1552 896 1616 interfectio
917 1554 1047 1633 injusta
1066 1573 1109 1615 sa·
1204 1576 1206 1605 l

170 1651 318 1727 oerdotis,
335 1651 462 1728 publica
476 1649 672 1728 poenitentia,
689 1648 816 1726 quando
831 1649 900 1710 haec
911 1650 1035 1728 agitur,
1047 1668 1109 1710 ma·

171 1746 353 1809 trimonium
367 1763 439 1804 cum
454 1744 594 1821 moniali,
610 1744 786 1807 interfectio
800 1745 919 1825 proprii
938 1746 1011 1823 filii,
1035 1763 1108 1807 uxo·
1208 1768 1210 1833 3

170 1840 325 1915 ricidium,
342 1843 451 1917 raptus
465 1839 575 1901 alienae
591 1857 726 1917 sponsae,
741 1840 889 1901 incestus.
1211 1914 1212 1931 χ

211 1935 439 2018 impedimenta
453 1952 538 1996 mere
553 1935 758 2014 impedientia
773 1954 843 2016 quae
857 1936 966 1998 adhuc
987 1938 1105 2019 vigent,
1212 1962 1214 2027 χ

172 2034 244 2095 sunt
258 2031 423 2113 sequentia
440 2051 447 2093 :

213 2133 244 2190 1ο
259 2128 399 2191 Ecclesiae
410 2129 528 2190 uetitum
543 2128 589 2187 eat
603 2126 748 2205 specialis
769 2127 940 2205 prohibitio
963 2148 1031 2209 qua
1045 2147 1107 2190 ma·

171 2224 354 2284 trimonium
374 2223 560 2286 auctoritate
589 2222 800 2284 ecclesiastice
823 2223 1016 2301 quibusdam
1038 2243 1107 2303 par-

171 2318 256 2378 sonis
284 2335 323 2377 ex
350 2336 446 2379 causa
474 2319 615 2399 legitima
644 2318 787 2379 redditur
812 2318 970 2380 illicitum.
997 2321 1106 2381 Causa

171 2412 338 2493 praecipuae
352 2414 393 2473 ob
408 2432 487 2491 quas
505 2414 649 2493 superior
667 2414 897 2475 ecclesiasticus
915 2418 1021 2493 potest
1040 2433 1106 2475 ma-

171 2505 353 2571 trimonium
368 2507 566 2587 interdicere,
584 2514 657 2572 sunt
671 2511 807 2589 suspicio
821 2528 886 2573 nou
900 2530 987 2574 vana
1006 2512 1105 2573 laten-

171 2602 211 2665 tis
225 2600 452 2679 impedimenti,
473 2605 505 2663 et
521 2604 617 2664 timor
633 2604 778 2684 gravium
796 2604 948 2681 rixarum,
971 2606 1103 2666 scanda-

170 2701 283 2776 lorum,
301 2704 360 2762 ete.
378 2698 418 2760 ob
433 2699 766 2777 taliumpersonarum
780 2700 1051 2779 conjunctionem.

210 2795 287 2856 lade
302 2795 427 2856 nomine
441 2794 599 2856 interdicti
611 2796 759 2857 Ecclesia
771 2814 834 2857 uon
843 2797 940 2874 venit,
954 2797 1104 2858 interdie-

169 2896 238 2953 tum
253 2891 510 2967 ecclesiasticum,
527 2894 683 2970 quatenus
698 2891 776 2952 illud
790 2909 924 2953 censura
939 2899 1007 2966 est;
1030 2910 1104 2955 nam

169 2990 312 3066 tompore
326 2986 483 3051 interdicti
498 2990 601 3066 potest
623 2987 870 3063 matrimonium,
895 2987 979 3049 sicut
999 2988 1105 3050 caeteri

135 3154 139 3163 .
170 3086 365 3161 contractus,
396 3082 480 3146 licite
503 3081 675 3158 celebrari,
699 3088 735 3142 ut
756 3082 871 3145 docent
894 3083 1103 3143 communiter

169 3178 355 3252 canonistae3
374 3184 405 3242 et
419 3180 479 3240 hoc
502 3177 655 3257 procedet
677 3178 773 3239 etiam
796 3178 836 3238 de
849 3178 1060 3258 personaliter
1073 3182 1103 3239 et

168 3269 346 3347 specialiter
365 3273 552 3352 interdictis,
576 3274 603 3334 si
628 3274 858 3337 contumaciam
886 3273 1100 3353 deposuerint.

202 3467 210 3499 ¹
229 3465 480 3527 Schmalzgrueber,
494 3470 513 3517 l.
528 3472 573 3532 lv,
586 3474 631 3522 tit.
645 3483 686 3534 11,
699 3472 714 3535 ἓ
729 3474 768 3521 ll.
783 3498 813 3509 -
827 3472 838 3503 ¹
852 3471 902 3534 ld,
914 3471 932 3522 t
946 3484 969 3521 c.
