2442 4125
358 346 397 391 na
417 346 545 395 omnmo
565 348 649 395 roms
670 348 826 397 masarei.
1016 340 1056 401 63

120 490 162 553 ab
184 490 328 571 ejusdem
346 487 615 552 administratione
635 489 844 572 distinguere,
868 492 914 555 itu
936 492 1057 573 praebet

121 584 363 646 fundamentum
378 582 418 643 nd
433 582 691 663 distinguendum
700 584 878 648 ministrum
888 603 1056 649 conserva-

118 682 215 744 tionis
237 677 443 743 Euobaristiss
464 698 484 739 a
504 680 646 742 ministro
665 680 808 761 ejusdem
828 682 1056 747 distributionis

119 798 176 843 seu
191 776 481 842 administrationis.
505 778 545 839 nt
562 795 639 839 sane
660 777 826 859 disoipliua
843 779 1055 845 ecclesiastiea

118 879 284 955 receptum
302 876 417 937 seimus
435 873 605 955 aliquando
625 873 780 935 admissos
798 874 892 937 fuisse
912 875 953 937 ad
970 876 1054 939 iliius

119 971 434 1047 administrationem,
466 970 519 1049 qui
546 986 609 1030 non
633 972 724 1031 erant
747 970 842 1052 hujus
864 972 1054 1035 sacramenti

119 1066 326 1131 consecrandi
341 1064 476 1127 ministri
492 1084 498 1126 :
516 1064 584 1125 viee
598 1082 693 1126 versa
706 1064 744 1125 iis
757 1065 928 1147 aliquando
948 1067 1053 1147 probi-

117 1162 220 1224 bitnm
234 1161 329 1221 fuisse
351 1160 411 1221 hoo
430 1161 663 1219 sacramentum
682 1158 914 1239 administrare,
938 1162 1053 1243 quibua

115 1258 307 1337 permissum
322 1257 390 1317 erat
403 1272 602 1316 conservare.

159 1352 230 1413 Dixi
243 1350 412 1429 aliquando
427 1347 568 1411 admissos
580 1348 672 1429 lastae
688 1350 731 1411 ad
750 1349 844 1431 bujus
864 1353 1053 1417 sacramenti

114 1443 421 1509 administrationem
435 1441 490 1521 qui
504 1459 567 1503 non
582 1446 673 1505 erant
694 1442 827 1506 ministri
843 1442 927 1505 illius
944 1462 1052 1507 eonse-

114 1541 277 1603 orationis.
294 1541 334 1602 at
348 1538 476 1619 quidem
489 1538 556 1599 sine
573 1539 636 1601 ulla
649 1539 852 1602 difficultate:
870 1556 944 1599 nam
954 1559 1051 1620 quum

113 1636 347 1714 administratio
363 1633 457 1714 hujus
471 1635 660 1697 sacramenti
673 1654 737 1697 non
750 1635 791 1699 sit
805 1639 1050 1715 sacramentum,
1132 1646 1147 1669 ·

114 1731 204 1795 nullo
219 1731 314 1793 modo
329 1734 453 1810 poterat
466 1732 584 1810 requiri
598 1733 745 1795 habilitas
763 1733 937 1813 personalis
951 1736 986 1796 nt
998 1750 1051 1794 ra·

112 1828 181 1891 lida
194 1831 286 1891 foret.
310 1830 445 1889 Tantum
459 1827 499 1888 ad
523 1826 591 1907 ejus
610 1829 728 1889 lieitam
746 1828 1051 1892 administrationem

109 1926 332 2007 jnsdivinum
352 1922 514 2002 roquirere
533 1923 701 1986 videbatur
722 1928 756 1987 ut
776 1926 816 1987 ab
836 1926 875 1987 iis
896 1925 1051 1989 ordinatio

112 2024 217 2100 fieret,
248 2021 302 2101 qui
330 2023 434 2082 essent
460 2017 593 2082 ministri
621 2019 735 2083 christi
762 2025 793 2083 et
820 2020 1052 2102 dispensatores

112 2120 339 2199 mysteriorum
353 2118 420 2178 bei.
441 2119 510 2177 Non
529 2116 719 2194 prohibebat
739 2134 815 2178 vero
832 2117 886 2198 jus
906 2118 1049 2179 divinum

113 2221 151 2278 ut
172 2213 418 2279 extraordinario
440 2217 546 2293 posset
567 2212 673 2292 aliquo
694 2213 790 2274 modo
810 2213 924 2276 horum
941 2213 1051 2274 minis·

112 2319 237 2375 trorum
251 2309 385 2372 deieotoi
401 2308 565 2388 supplere,
582 2308 634 2370 vel
648 2309 710 2370 alia
721 2308 808 2390 justa
821 2328 918 2372 eausa
931 2309 972 2372 ab
986 2310 1048 2372 aiio

112 2406 338 2470 administrari.
353 2405 430 2466 inda
451 2404 596 2466 videmus
618 2406 726 2484 primis
746 2406 894 2468 Eoolesias
912 2406 1046 2479 sareulis,

111 2505 229 2580 praeter
249 2497 464 2577 presbyteros,
485 2499 524 2560 ad
545 2497 726 2578 hujusmodi
744 2500 1048 2563 administrationem

112 2598 145 2656 et
159 2593 308 2654 diaeonus
329 2591 493 2669 admissos,
516 2593 580 2653 imo
602 2598 634 2654 et
653 2594 818 2655 interiores
839 2612 965 2674 qnoque
986 2592 1046 2655 ole-

111 2693 215 2768 rioos‚
245 2694 276 2752 et
302 2690 398 2752 laieos
426 2690 617 2769 aliquando,
644 2691 709 2752 imo
737 2693 924 2771 permissum
952 2690 1047 2752 etiam

110 2787 208 2850 fuisse
222 2787 309 2850 laieis
324 2789 359 2847 ut
372 2787 436 2848 suis
450 2787 596 2848 manibus
611 2805 645 2849 se
658 2787 937 2849 communicarent.

151 2884 281 2946 Diaooni
303 2883 430 2963 quidem
452 2882 548 2946 veluti
573 2883 613 2943 de
636 2901 766 2944 munere
789 2902 847 2943 suo
871 2886 902 2945 et
924 2883 1045 2944 ratione

110 3000 209 3045 saorae
225 2981 430 3044 ordinationis
445 2979 476 3041 id
487 2981 691 3060 praestabant,
704 2998 766 3061 qua
776 2981 1046 3046 constituebantur

110 3077 210 3139 veluti
233 3075 433 3156 ooadjutores
457 3081 488 3138 et
510 3077 687 3139 administri
709 3075 981 3155 presbyterorum,
1010 3083 1046 3138 ut

110 3191 175 3250 eos,
192 3172 299 3253 quoad
312 3174 453 3250 ipsorum
473 3172 550 3234 ordo
572 3173 699 3249 sineret,
722 3172 755 3232 in
775 3179 1045 3236 saoramentorum

110 3266 322 3328 celebratione
351 3265 483 3345 aliisque
511 3265 723 3327 functionibus
749 3266 946 3346 adjuvarent.
976 3269 1044 3327 Non

110 3362 255 3424 dissimili
263 3361 357 3424 modo
366 3362 491 3424 baroni
499 3361 795 3424 admittebanturad
806 3363 1044 3448 praedicandum

110 3465 141 3523 et
152 3459 391 3540 baptizandum.
408 3459 471 3522 Sed
487 3459 669 3540 hujusmodi
681 3459 1000 3539 munusfrequentius
1013 3459 1044 3518 et

110 3560 206 3622 veluti
215 3557 357 3640 quotidie
367 3558 623 3622 eommittebatur
630 3557 779 3634 diaeonis,
790 3556 899 3635 primis
907 3553 1040 3628 saeoubs,
