2442 4125
209 393 248 451 'll
417 396 645 447 rusmrnmouns
665 396 748 443 mnis
770 394 928 443 canonici.

209 548 321 610 cietate
349 543 536 618 declaretur,
561 540 617 601 sed
644 558 755 602 veram
783 544 814 603 et
841 539 1066 616 intrinsecam,
1095 559 1154 620 qua

208 646 355 723 peccator
370 658 440 702 oum
454 642 518 701 Dea
534 637 765 701 reconcilietur.
778 638 795 699 J
800 654 854 697 am
863 655 939 698 vero
951 636 1080 715 placuit
1091 640 1152 699 Dea

210 754 324 801 novam
343 735 424 795 hanc
438 736 510 812 post
526 731 685 809 baptisma
702 730 962 810 justificationem
980 731 1021 791 iis
1042 750 1153 794 conce

210 831 285 893 dare
300 830 352 911 qui
365 828 530 891 laboriosis
544 828 694 905 operibns
707 827 859 903 punirent
870 826 903 887 in
917 844 952 887 se
966 828 1061 906 quod
1085 847 1153 907 pec

210 928 311 989 cando
331 926 541 1005 deliquerunt,
558 928 589 985 et
602 922 647 984 sie
661 922 764 1002 gratia
778 924 835 983 Dei
849 924 1019 1001 praeventi,
1038 924 1151 986 divina

208 1022 336 1103 justitiae
351 1020 575 1097 satisfacerent,
592 1038 651 1080 nec
664 1021 708 1081 ita
720 1023 854 1099 peccata
868 1019 1043 1096 dimittere,
1057 1026 1097 1083 ut
1110 1040 1152 1081 ra-

211 1114 307 1175 missa
329 1112 422 1191 culpa
444 1113 592 1175 universa
615 1112 710 1173 etiam
731 1130 828 1191 paena
848 1112 1080 1191 dimitteretur,
1103 1114 1151 1175 sed

211 1209 318 1290 aliqua
337 1226 439 1290 paenae
456 1208 643 1287 'temporalis
665 1207 850 1288 plerumque
872 1208 1029 1271 solvenda
1054 1229 1151 1271 rema·

211 1313 301 1367 neret
314 1323 384 1385 quae
400 1306 524 1367 nonnisi
537 1304 660 1383 magnis
673 1305 799 1367 fletibus
813 1308 846 1367 et
857 1305 1024 1369 laboribus
1039 1308 1152 1369 redimi

212 1403 326 1480 posset.
1210 1417 1211 1484 l

251 1495 329 1559 lnde
343 1500 391 1559 est
405 1496 500 1575 qnod,
510 1496 584 1558 licet
596 1497 779 1577 hujusmodi
789 1496 945 1578 judicium
959 1516 1027 1560 non
1042 1500 1089 1561 ad
1102 1520 1152 1581 pu·
1210 1493 1211 1522 ³

213 1593 374 1670 cntionem,
391 1592 448 1655 sed
466 1593 695 1655 absolutionem
713 1594 760 1654 rei
777 1594 956 1656 institutum
974 1596 1028 1672 sit,
1045 1600 1152 1658 tamen
1210 1617 1211 1620 ¹

212 1690 244 1748 et
256 1687 289 1745 in
304 1704 341 1747 eo
356 1705 458 1765 poenae
472 1688 656 1765 infliguntur
666 1691 698 1750 et
710 1705 732 1747 a
744 1704 799 1747 reo
815 1686 931 1749 debent
945 1689 1102 1750 sustineri
1115 1687 1151 1749 ad

212 1779 382 1842 vindictam
395 1780 544 1856 criminis,
561 1785 596 1841 nt
609 1780 724 1843 divinae
735 1781 867 1861 justitiae
881 1782 1027 1844 satisfiat.

253 1874 371 1933 Verum
391 1871 573 1953 hujusmodi
591 1892 695 1953 poenae
714 1876 935 1937 diversissimae
956 1882 1032 1940 sunt
1053 1879 1098 1939 ab
1117 1879 1150 1938 iis

212 1987 283 2049 quae
297 1969 330 2031 in
345 1971 465 2033 caeteris
476 1971 603 2052 judiciis
617 1972 832 2034 criminalibus
846 1978 1061 2053 usurpantur:
1080 1993 1151 2037 num

212 2067 272 2130 illae
287 2068 451 2130 iubenum
466 2068 687 2148 etprafectum
703 2069 802 2146 ipsius
820 2071 867 2131 rei
885 2069 1072 2149 diriguntur
1091 2073 1152 2151 pri-
1211 2076 1212 2135 ἶ

212 2167 322 2242 mario,
340 2166 388 2228 hae
408 2166 442 2227 in
463 2167 582 2228 bonnm
600 2166 782 2227 sacietatis:
804 2167 889 2226 unde
904 2167 965 2228 illae
979 2173 1099 2245 sponte
1114 2169 1150 2229 ab
1211 2206 1212 2211 κ

212 2261 287 2340 ipsis
302 2263 364 2322 reis
379 2263 595 2342 exquiruntur,
613 2261 662 2322 hae
676 2262 709 2321 in
723 2262 837 2323 invitos
855 2263 1065 2342 infliguntur3
1085 2264 1150 2325 iste

212 2355 397 2434 plerumque
422 2356 540 2416 nullam
563 2359 609 2419 rei
633 2357 886 2420 emendationem
907 2359 1064 2438 obtinent,
1091 2361 1150 2421 illae

213 2447 255 2508 ad
269 2447 350 2508 hanc
365 2449 616 2510 emendationem
630 2451 779 2513 institutae
790 2456 863 2513 sunt
875 2470 882 2512 :
895 2455 930 2513 ut
939 2469 1017 2530 ergo
1028 2452 1073 2513 ab
1087 2453 1151 2514 istis

213 2543 491 2622 distinguerentur,
521 2546 672 2626 singulari
695 2547 822 2608 nomine
846 2547 1030 2626 paenitentiae
1059 2548 1149 2609 dicta

213 2643 295 2718 sunt,
317 2644 348 2703 et
365 2644 495 2722 possunt
513 2642 575 2703 dici
595 2663 602 2704 :
624 2641 723 2702 Poenoe
741 2643 913 2721 temporales
928 2643 1081 2722 peccatori
1097 2644 1149 2703 do·

212 2733 283 2794 lenti
301 2740 329 2796 et
350 2731 476 2812 consessa
495 2733 620 2794 electam
636 2740 778 2812 potestate
795 2733 937 2810 injurata
955 2733 996 2793 ad
1016 2753 1149 2814 campm-

210 2829 334 2892 saadam
353 2829 497 2908 iujuriam
518 2828 578 2889 Deo
597 2847 653 2908 pro
671 2829 796 2908 pereatis
816 2827 942 2906 illatam,
964 2829 1055 2890 etad
1074 2829 1148 2890 redi-

211 2927 346 2988 mendam
364 2944 481 3007 paenam
497 2924 661 3004 praviorem
680 2922 786 2985 eisdem
803 2926 925 3002 pereatis
943 2926 1145 3004 prmneritam.

252 3023 403 3102 Objeetam
419 3023 531 3083 harum
544 3033 711 3101 paenarum
724 3020 838 3101 triplex
856 3021 1057 3100 potissimum
1072 3022 1148 3083 assi-

210 3121 301 3198 gnari
328 3118 417 3195 solet,
442 3119 588 3181 videlicet
615 3119 720 3193 aratio,
745 3118 932 3198 eleemosyna,
959 3117 1114 3197 p'ejam'am
1135 3135 1146 3175 .·

211 3231 285 3274 nam
304 3213 372 3274 haec
390 3230 481 3274 omne
502 3233 602 3294 genus
621 3212 841 3276 satisfactionis
860 3213 1144 3292 comprehendunt.

211 3311 317 3373 Oratio
333 3309 417 3370 enim
432 3311 671 3390 comprehendit
685 3309 837 3390 quidquid
857 3309 897 3370 ad
919 3309 1063 3370 divinum
1086 3309 1146 3370 cul·

209 3411 277 3470 tum
292 3409 323 3468 et
337 3405 435 3466 divini
449 3406 577 3466 honoris
591 3397 807 3485 angmentum,
819 3405 965 3483 pertinet,
980 3423 1037 3465 sen
1052 3422 1145 3466 amne

209 3521 309 3584 genus
327 3501 487 3576 orationis,
511 3520 624 3581 nempe
643 3501 805 3581 quodlibet
823 3518 902 3580 opus
920 3500 1007 3579 quod
1027 3501 1145 3562 directe

209 3601 353 3678 dirigitur
366 3597 407 3658 ad
422 3599 532 3658 Deum.
549 3598 598 3657 Ad
609 3595 765 3674 jejunium
776 3597 934 3672 pertinent
948 3613 1063 3658 omnes
1079 3615 1144 3657 aar·
