2442 4125
182 299 222 358 tt
390 309 617 358 rxsrrrcruosss
637 308 720 356 sunrs
742 305 896 354 csnorunr.

183 453 343 529 ordinarii,
359 451 460 514 sedin
475 469 578 514 suum.
596 451 686 514 Ratio
702 449 867 514 dubitandi
881 455 928 512 est
938 449 1111 532 quia'l'rid.

182 549 258 612 dicit
273 568 280 609 :
302 570 317 606 u
330 550 369 610 Et
381 548 414 608 in
427 546 570 628 personis
584 547 688 608 eidem
703 547 861 610 ordinario
876 546 1027 627 subjectis
1040 552 1115 608 tan-

180 646 257 706 tum.
275 667 289 704 n
309 645 371 709 Sed
385 644 514 706 evidens
528 648 576 707 cst
589 643 675 706 Trid.
693 662 793 722 mens,
806 643 890 724 quod
903 643 945 706 ibi
955 643 1115 724 intelligat

180 742 323 805 subditos
337 760 394 803 nec
409 740 559 803 ordinarii
573 740 645 819 loci,
655 759 721 812 ,nec
737 741 886 803 ordinarii
901 740 1041 820 episcopi
1055 758 1114 820 ge-

179 839 276 900 rentis
303 836 508 920 pontificalia3
532 855 595 900 nou
615 855 689 900 vero
708 837 854 918 inteiligit
870 837 1011 899 subditos
1031 837 1111 916 epis·

180 935 250 1012 copi
276 934 459 1011 exercentis,
483 933 534 995 vei
557 933 696 1013 episcopi
720 953 776 995 seu
800 934 949 996 ordinarii
972 934 1044 996 loci.
1078 934 1111 996 Si

178 1029 263 1090 enim
275 1030 348 1091 licet
362 1048 434 1091 aum
448 1030 598 1091 ordinarii
611 1031 737 1092 licentia
753 1049 898 1092 exercere
918 1031 1111 1110 pontificalia

178 1127 211 1189 in
238 1129 379 1191 subditos
401 1147 464 1190 non
487 1147 578 1204 suos,
603 1133 721 1209 quanto
744 1129 844 1208 magis
866 1128 898 1188 in
922 1126 1016 1189 suos?
1038 1129 1110 1190 Uno

178 1223 286 1300 verbo,
302 1225 388 1286 Trid.
404 1224 471 1288 vult
484 1228 519 1287 ut
531 1224 614 1287 adsit
628 1224 797 1286 auctoritas
810 1223 863 1284 ubi
875 1222 947 1285 etin
957 1239 1109 1301 personas

177 1318 262 1380 circa
276 1338 354 1400 quas
368 1326 554 1381 exercentur
566 1318 767 1398 pontificalia,
785 1319 836 1380 vel
850 1316 1041 1397 originaria,
1058 1317 1111 1379 vel

177 1409 332 1492 delegata,
349 1418 381 1473 et
394 1428 457 1473 non
470 1410 511 1472 sit
524 1411 647 1471 animus
662 1409 845 1490 usurpandi.

537 1643 685 1696 metron.
699 1645 742 1695 111.

409 1806 411 1809 '
481 1813 520 1852 na
542 1787 794 1854 sucu'nnlsrrs.

213 2000 237 2061 i.
254 1995 345 2061 Viros
365 1995 528 2081 theologos
548 1996 647 2061 latere
669 1994 778 2076 nequit
799 1995 956 2076 quomodo
978 1994 1105 2058 Eucha-

173 2095 262 2158 ristia
275 2114 295 2156 a
308 2094 429 2157 caeteris
450 2094 656 2156 sacramentis
677 2091 881 2170 distinguitur
898 2092 930 2153 in
950 2110 986 2154 eo
1002 2092 1101 2173 quod,

173 2206 271 2267 quum
291 2193 407 2249 caetera
427 2191 625 2247 sacramenta
644 2186 719 2245 tunc
742 2186 819 2246 fiant
842 2185 969 2265 quondo
990 2185 1103 2247 minis-

173 2284 296 2343 trantur
311 2280 502 2359 (immediate
516 2280 600 2338 enim
615 2278 756 2341 afficiunt
769 2280 946 2361 subjectum
964 2281 1049 2360 quod
1065 2299 1105 2343 ea

173 2369 316 2451 percipit)
331 2371 392 2431 hoc
407 2387 515 2444 unum,
528 2388 626 2449 quum
640 2371 756 2435 afficiat
769 2373 949 2437 immediate
964 2376 1104 2438 elemen-

171 2470 239 2530 tum
255 2464 294 2525 de
308 2481 371 2543 qno
385 2471 617 2526 sacramentum
630 2468 675 2545 fit,
688 2472 761 2531 ante
776 2470 879 2532 existit
894 2489 988 2549 quam
1003 2470 1103 2532 admi·

172 2561 331 2621 nistretur.
355 2562 434 2620 Nam
457 2561 597 2623 Christus
619 2582 655 2625 eo
677 2564 790 2627 direxit
813 2567 983 2629 salutarem
1006 2567 1102 2649 hujus

171 2656 358 2718 sacramenti
383 2656 609 2744 institutionem
631 2664 665 2723 ut
686 2662 814 2739 quidam
837 2662 942 2741 cibus,
969 2664 1100 2744 quidam

171 2756 263 2834 potus
276 2755 441 2832 pararetur
454 2752 610 2832 fidelibus,
628 2756 680 2835 qui
696 2756 728 2816 id
743 2760 909 2835 praestaret
922 2758 994 2821 vitae
1009 2759 1100 2837 spiri·

169 2849 258 2926 tuali,
272 2848 356 2928 quod
370 2848 521 2910 naturalis
536 2850 625 2911 cibus
637 2855 668 2914 ct
676 2856 768 2930 potus
783 2854 904 2917 confert
916 2844 1110 2932 temporali.¹

170 2944 233 3007 Sed
247 2943 310 3004 cibi
323 2946 354 3004 et
367 2948 459 3021 potus
472 2945 544 3007 talis
558 2952 679 3008 naturae
694 2953 751 3025 est,
764 2954 798 3009 ut
807 2949 839 3009 in
855 2967 888 3010 se
902 2948 964 3010 sint
978 2947 1098 3028 aliquid

169 3044 242 3102 aute
262 3039 425 3099 hominum
446 3042 667 3120 sumptionem,
689 3048 720 3105 et
740 3045 873 3124 proinde
894 3044 961 3107 sine
981 3046 1051 3125 ipsa
1065 3048 1097 3108 et

168 3143 242 3196 ante
261 3134 363 3210 ipsam
390 3137 617 3216 concipiantur.
643 3141 726 3219 Ergo
750 3140 826 3201 dum
851 3146 966 3203 oaetera
988 3159 1097 3203 sacra-

167 3231 274 3290 menta
287 3234 471 3306 prosecutus
480 3252 549 3294 sum
559 3234 757 3313 perpendens
772 3236 931 3314 publicam
946 3235 1094 3297 Ecclesia

131 3394 134 3400 .
168 3324 378 3387 oeoonomiam'
395 3326 426 3387 in
448 3330 632 3389 eorumdem
653 3328 941 3408 administratione,
964 3331 1016 3393 hic
1039 3332 1093 3393 ali·

166 3418 349 3500 quantisper
369 3422 533 3486 immutato
563 3422 673 3484 ordine
695 3442 823 3486 necesse
851 3426 910 3491 erit
932 3428 968 3488 ut
989 3428 1091 3508 primo

166 3516 340 3600 expendam
363 3518 522 3601 publicam
544 3518 692 3585 Ecclesia
717 3520 926 3583 oeconomiam
947 3525 978 3586 at
1000 3522 1091 3585 disai-
