2442 4125
188 331 246 392 tro
395 324 625 391 msmrhrrones
645 344 728 393 imis
751 344 904 395 canorum.

1207 370 1210 463 Ν

187 488 356 552 inimicitie
371 488 453 550 inter
466 488 617 550 familiam
632 496 663 550 et
681 489 848 565 familiem;
869 492 924 552 sed
944 493 1008 554 hoc
1027 498 1132 572 potis-
1210 471 1212 523 ¹

186 586 299 646 simum
314 602 333 643 a
339 583 708 663 judice'deliberandum,
722 585 797 663 quia
806 586 895 647 facile
907 606 946 649 cx
955 592 1132 652 renuentia

188 681 279 741 unius
293 680 390 758 partis
404 683 534 758 possunt
548 682 654 742 statim
671 681 761 755 oriri;
778 682 943 760 culpabilis
962 685 1061 745 unius
1082 705 1131 747 os-
1215 682 1216 693 ’

187 775 316 836 citantia
350 773 529 835 celebrandi
563 774 647 835 intra
673 775 850 855 legitimum
879 782 1019 857 tempus.
1058 784 1129 841 Non

188 871 315 951 quidem
330 874 495 950 quatenns,
519 875 554 931 ut
573 869 716 931 nonnulli
736 876 897 949 putarunt,
916 873 972 953 jus
995 876 1132 937 definiat

187 965 292 1044 aliquo
307 965 514 1027 determinato
531 971 672 1043 tempore
688 965 802 1027 durare
817 967 1061 1048 obligationem,
1084 972 1131 1031 vi·

188 1060 301 1120 delicet
314 1059 463 1138 quinque,
481 1070 617 1140 quatuor
630 1061 732 1137 annis,
750 1066 823 1139 etc,
836 1064 966 1125 minime
976 1068 1130 1144 sponsalia
1219 1104 1220 1109 κ

188 1152 301 1211 imitari
326 1154 508 1214 matrimonii
534 1164 671 1215 naturam
691 1164 722 1216 et
748 1158 922 1235 producere
958 1160 1131 1241 obligatio-

188 1249 469 1321 nem-perpetuam.
486 1248 697 1327 Attamenjus
718 1255 765 1311 cat
783 1250 925 1311 alterutri
947 1270 1062 1314 coram
1076 1254 1129 1334 ju·
1219 1303 1220 1307 ,

188 1335 257 1395 dice
271 1353 304 1396 se
324 1338 443 1415 sistere,
465 1340 505 1400 ad
524 1344 694 1403 terminum
714 1344 803 1406 alteri
822 1349 1045 1427 statuendum,
1067 1369 1128 1430 quc

188 1431 293 1510 elapso
309 1433 408 1495 altera
421 1452 495 1513 pars
509 1436 550 1497 ab
565 1437 755 1519 obligatione
770 1440 933 1503 liberatur.
950 1445 1001 1505 Ita
1016 1448 1044 1507 si
1061 1448 1128 1527 quis

187 1545 221 1588 se
248 1528 417 1593 transferat
436 1530 478 1592 ed
499 1539 637 1594 remotas
661 1534 806 1615 regiones
829 1537 895 1597 sine
918 1539 986 1600 ulle
1007 1542 1127 1603 reditus

188 1628 384 1705 certitudine,
398 1628 496 1708 judex
511 1629 639 1691 definiet
658 1636 784 1710 tempus
803 1639 1022 1713 opportunum
1038 1638 1126 1718 juxta

187 1720 448 1782 circumstantias.

228 1815 346 1874 Praeter
379 1816 604 1896 obligationem
640 1823 841 1901 matrimonii,
878 1826 960 1887 alter
993 1831 1125 1891 effectus

187 1909 379 1985 sponsalium
401 1915 450 1973 est
466 1912 584 1991 publica
605 1914 746 1995 leonastes,
769 1919 809 1980 de
832 1938 894 1999 qua
919 1925 1068 2003 sequenti
1092 1927 1127 1986 ti-

187 2004 263 2082 tulo,
280 2024 344 2068 una
358 2026 430 2070 cum
443 2010 678 2090 impedimentis
694 2016 896 2078 matrimonii.

451 2186 484 2231 ll.
498 2188 530 2230 De
542 2186 705 2245 impedimentis
716 2193 855 2238 matrimonii.

227 2307 322 2366 XXII.
342 2310 683 2392 ¹Pseudo-philosophia
703 2333 741 2376 ex
761 2335 835 2396 una,
856 2322 1126 2402 pseudo-politica

188 2415 225 2457 ex
248 2399 310 2458 alia
331 2409 421 2479 parte
445 2405 624 2470 amittentes
647 2412 835 2474 matrimonii
860 2425 1062 2498 conceptum,
1092 2429 1126 2484 nt

186 2495 429 2558 instrumentum
443 2502 633 2582 cupiditatis,
655 2508 704 2567 vel
725 2513 760 2570 ut
780 2512 900 2573 nudum
923 2516 1063 2578 officium
1085 2521 1127 2579 ci-

187 2591 301 2669 vicum,
318 2594 567 2660 considerarunt.
586 2601 676 2662 Unde
690 2604 877 2682 prodierunt
892 2609 954 2671 duo
976 2616 1125 2693 opposita

187 2687 341 2767 principie
359 2691 444 2752 circa
462 2694 600 2755 nubendi
628 2697 678 2757 vel
706 2717 836 2762 uxorem
859 2703 997 2768 ducendi
1020 2713 1127 2786 potes-

148 2782 151 2785 ’
187 2787 294 2846 tatem.
313 2788 452 2857 Quorum
466 2792 639 2865 systemate
653 2794 843 2858 studuerunt
856 2799 1020 2863 hominum
1037 2806 1127 2882 cupi-

186 2877 276 2940 ditati
289 2883 473 2959 tantamque
488 2881 631 2945 feccrunt
644 2884 821 2949 libertatem
841 2893 1035 2955 matrimonii
1050 2913 1125 2956 con-

184 2977 341 3052 trahendi,
358 2982 393 3037 nt
407 2977 529 3037 nullum
541 2977 574 3036 in
589 2979 649 3040 hoc
664 2990 873 3059 agnoscerent
886 2991 1006 3050 morale
1021 2993 1126 3070 impe·
1175 2986 1177 2992 ’

186 3069 370 3148 dimentum,
392 3071 455 3131 imo
479 3070 624 3133 omnibus
644 3076 853 3153 preciperent
870 3083 1120 3146 matrimonium.

227 3164 284 3234 Qui
299 3184 317 3224 e
332 3184 484 3230 converso
499 3170 706 3246 temporalem
720 3176 820 3234 status
839 3174 1020 3239 felicitatem
1036 3181 1124 3241 velut

186 3257 329 3318 ultimum
351 3263 447 3323 finem
467 3266 682 3344 inspexerunt,
704 3273 800 3331 tantae
822 3274 964 3336 servituti
987 3277 1124 3357 subege-

186 3356 259 3413 runt
272 3354 481 3434 matrimonia,
503 3363 538 3421 ut
556 3361 634 3421 nulli
651 3363 759 3426 liceret
777 3369 976 3447 contrahere,
998 3373 1059 3433 nisi
1077 3373 1121 3434 illi

186 3448 236 3506 cui
250 3465 270 3508 a
283 3447 424 3524 principe
439 3455 573 3525 positiva
585 3456 718 3520 facultas
732 3466 815 3522 essct
828 3463 921 3526 facta.
944 3469 1122 3547 Utrumque

186 3547 324 3615 systema
343 3543 477 3601 naturali
497 3546 665 3610 bominum
677 3555 847 3617 conditioni
869 3561 937 3637 pari
957 3564 1053 3624 modo
1074 3584 1122 3626 re-
