2442 4125
207 284 266 342 322
415 291 646 338 rnsrrrurronns
667 291 749 337 Junrs
771 290 928 336 caronrcr.

207 439 345 514 cesserit,
366 436 423 496 nisi
444 434 585 496 Ecclesia
610 433 811 511 parochialis,
841 435 892 495 cui
920 445 1142 500 successerunt

205 531 348 612 pluribus
362 529 395 590 in
404 528 481 590 locis
495 527 623 606 publica
636 526 828 588 coemeteria.
842 528 992 606 Estjenim
1003 531 1142 592 Ecclesia

205 627 260 688 illa
275 626 326 686 cui
339 624 506 686 defunctus
521 623 616 684 debet
633 621 723 683 initia
744 627 776 684 et
795 641 984 704 progressus
1006 629 1040 687 et
1061 646 1139 688 com·
1211 675 1212 688 ,

205 723 410 802 plementum,
426 724 458 782 ct
472 720 588 780 exitum
603 735 668 779 suae
689 718 760 780 vitae
782 717 967 796 spiritualis,
992 722 1029 781 ut
1050 740 1140 801 supra
1211 689 1212 776 t

205 819 397 883 dictumest.
412 818 542 877 -Late
557 814 596 874 de
611 815 671 880 hac
686 814 859 912 redissent
873 816 1027 878 Ferraria.

478 1050 481 1056 ·
536 1011 732 1072 TITULUS
760 1011 803 1070 Il.
836 1047 839 1056 ·

256 1169 301 1222 EE
324 1166 456 1212 larnano
478 1163 631 1210 ECCLESIAE
651 1163 746 1208 salso
768 1164 799 1208 lli
822 1163 937 1209 ORDINE
958 1166 1000 1211 An
1023 1169 1079 1214 RES

568 1259 775 1304 TEMPORALES.

242 1395 361 1456 Praeter
373 1409 423 1454 res
438 1391 616 1470 spirituales
632 1410 711 1471 quas
726 1391 822 1454 habet
831 1391 979 1466 Ecclesia
988 1397 1138 1475 tanquam

202 1492 308 1554 media
321 1491 439 1552 directo
455 1487 612 1550 destinata
627 1488 668 1550 ad
690 1488 927 1568 acquirendam,
949 1508 1137 1554 conservan-
1213 1541 1214 1576 ,

202 1590 288 1665 dam,
303 1585 541 1667 perficiendam,
558 1585 768 1646 exercendam
783 1584 879 1645 vitam
893 1585 969 1645 ridei
991 1590 1024 1648 et
1040 1589 1138 1649 chari·
1213 1599 1214 1602 ’

202 1685 274 1747 tatis
289 1701 352 1761 qua
367 1681 648 1760 supernaturaliter
668 1681 756 1759 vivit,
780 1685 812 1743 et
830 1681 871 1742 ad
892 1681 964 1742 finis
987 1701 1138 1764 superua-

201 1778 312 1842 turalis
336 1777 566 1838 assecutionem
590 1777 736 1839 redditur
758 1777 1013 1857 proportionata;
1047 1781 1138 1843 hahet

201 1872 296 1935 etiam
311 1889 361 1931 res
375 1869 565 1948 temporales
585 1869 699 1948 quibus
713 1869 771 1930 sibi
787 1874 948 1948 comparet
967 1875 1000 1932 et
1014 1875 1138 1935 tueatur

201 1971 299 2030 vitam
321 1974 353 2028 ot
374 1964 610 2028 subsistentiam
637 1965 856 2044 temporalem,
884 1985 954 2046 quae
982 1975 1032 2029 est
1055 1969 1137 2033 velut

201 2067 399 2147 suppositum
421 2070 452 2125 et
471 2062 608 2125 conditio
631 2062 698 2123 sine
723 2081 786 2142 qua
807 2064 902 2125 rebus
921 2065 1135 2143 spiritualibus

201 2180 263 2224 non
277 2165 385 2241 posset
397 2159 562 2223 intendere
577 2176 636 2220 nec
650 2157 758 2221 divina
771 2158 929 2238 legatione
943 2160 1048 2242 fungi.

240 2258 338 2317 Porro
354 2257 402 2316 hae
417 2274 467 2316 res
481 2245 629 2317 Ecclesiae
643 2254 834 2334 temporales
858 2274 920 2317 non
940 2256 1063 2320 habent
1081 2278 1132 2320 na·

199 2358 304 2410 turam
318 2351 489 2428 quamdam
504 2351 563 2411 sibi
578 2350 739 2429 propriam
754 2354 784 2411 et
798 2350 994 2429 singularem
1012 2373 1077 2434 qua
1088 2356 1131 2415 in-

199 2446 334 2509 trinsece
355 2445 501 2507 differant
522 2465 541 2507 a
562 2448 683 2509 caeteris
703 2447 814 2507 mundi
835 2448 930 2509 rebus
946 2468 1017 2529 quae
1034 2471 1053 2512 a
1071 2454 1127 2511 Deo

200 2548 321 2607 naturae
356 2544 485 2605 auctore
516 2559 573 2621 pro
605 2542 771 2621 temporali
804 2543 969 2604 hominum
1001 2546 1127 2607 utilitate

200 2645 313 2701 creatae
328 2639 410 2699 sunt.
441 2637 519 2697 'lota
543 2636 720 2696 differentia
744 2654 812 2715 quaa
835 2655 855 2696 a
878 2638 1006 2698 coeteris
1025 2638 1128 2699 mundi

199 2737 293 2798 rebus
303 2737 520 2809 secernuntur,
537 2736 584 2793 est
598 2732 773 2795 extrinseca
788 2736 819 2795 et
833 2734 1082 2811 apprehenditur
1094 2753 1128 2795 ex

199 2831 409 2907 distinctione,
420 2833 574 2910 quatenus
582 2828 658 2889 dum
668 2832 794 2891 coeterae
804 2829 1014 2891 soecularibus
1026 2830 1128 2893 usibus

198 2933 272 2991 sunt
285 2928 429 3003 addictae,
447 2926 496 2987 hae
512 2924 731 2987 ecclesiasticis
746 2926 854 2987 usibus
869 2925 1081 2991 destinantur.

238 3028 313 3089 Haec
337 3041 410 3085 cum
431 3021 475 3083 ita
493 3020 566 3096 sint,
587 3023 730 3083 nostrum
744 3038 808 3083 non
821 3020 881 3083 erit
895 3023 1009 3083 harum
1025 3040 1126 3084 veram

197 3126 342 3183 naturam
357 3125 389 3180 et
402 3116 522 3196 species
536 3116 727 3197 investigare
743 3122 797 3179 aut
818 3117 907 3179 varia
926 3117 1003 3197 jura
1026 3118 1126 3179 distin-

198 3233 294 3293 guere
315 3233 385 3296 quae
407 3214 492 3275 eirca
513 3231 566 3273 eas
587 3212 767 3274 hominihus
789 3219 917 3291 possent
936 3220 1123 3293 competere,

198 3309 248 3369 vel
269 3311 330 3370 alia
352 3308 545 3390 hujusmodi,
569 3328 639 3389 quae
663 3327 724 3370 non
748 3310 941 3372 constituunt
962 3310 1040 3389 quid
1059 3327 1125 3389 pro-

198 3400 301 3476 prium
311 3402 391 3477 juris
406 3406 514 3480 nostri,
526 3405 631 3484 prouti
647 3423 710 3467 nou
720 3405 931 3468 determinant
941 3410 1123 3484 conceptum

198 3506 304 3547 rerum
322 3495 542 3568 temporalium
565 3499 598 3557 in
618 3504 771 3577 quantum
790 3503 864 3561 sunt
886 3500 1120 3569 ecclesiasticae;
