2442 4125
337 371 376 415 nn
397 369 527 416 ourncro
547 370 631 416 runis
653 370 810 418 errorum.
1001 360 1041 419 99

147 518 267 577 Verum
281 513 350 574 haec
364 512 482 592 optime
496 512 673 590 procedunt
687 512 726 573 de
742 512 864 575 clericis
882 515 1042 577 seculari-

104 615 177 673 bus.
202 609 282 681 Quid
304 609 343 670 de
367 608 567 687 regularibus
593 608 649 689 qui
676 612 749 670 voto
771 611 965 688 paupertatis
986 612 1041 671 ud·

102 706 206 769 stricti
226 711 388 784 nequeunt
407 703 593 782 possidere?
615 704 696 764 Num
716 704 924 765 removendi?
944 707 1039 787 Atqui

102 803 225 865 scimus
238 801 405 862 utilitatem
419 817 540 860 eorum.
555 800 657 871 Quum
672 818 748 880 ergo
763 801 803 862 de
817 819 927 862 mensa
936 807 968 864 et
977 802 1041 865 vite

103 897 267 961 communi
280 897 407 957 illorum
421 895 641 958 sustentationi
655 902 737 958 esset
751 896 923 975 provisum,
944 901 976 959 et
988 916 1038 959 re-

103 1010 216 1055 versus
229 993 270 1052 ad
285 991 436 1054 saeculum
448 990 511 1051 illis
525 995 609 1053 esset
622 990 799 1070 prohibitus
815 1011 823 1053 ε
843 992 911 1071 ipse
931 993 1040 1055 titulus

103 1089 249 1169 religiosor
262 1088 446 1168 paupertatis
460 1087 619 1149 sufficiens
634 1088 719 1149 visus
733 1093 781 1151 est
797 1106 856 1149 sua
871 1094 989 1168 sporta,
1005 1095 1040 1152 ut

104 1187 151 1248 ait
164 1187 198 1247 S.
214 1184 392 1245 Antoninus
412 1200 444 1262 p.
468 1188 497 1245 3.
524 1202 555 1263 q.
583 1187 632 1245 tt.
658 1186 718 1244 Pro
744 1184 1040 1264 congregationibus

102 1300 182 1344 vero
197 1280 384 1341 clericorum
398 1279 599 1341 saecularium
615 1280 667 1359 qui
682 1279 732 1340 vel
748 1280 865 1342 nullum
875 1281 1040 1359 professio·

103 1396 180 1438 nem
194 1377 353 1450 emittunt,
375 1376 426 1436 vel
446 1376 488 1436 ud
506 1379 630 1437 eertum
648 1381 772 1455 tempus
792 1376 919 1455 speciali
941 1380 978 1437 R.
1002 1378 1036 1437 P.

102 1474 270 1555 privilegio
292 1490 370 1551 opus
392 1472 451 1533 fuit
472 1472 511 1532 ad
534 1471 659 1534 titulum
672 1490 777 1533 mcucoe
798 1472 967 1553 collegiatis,
990 1472 1039 1535 vel

103 1585 209 1628 moscin
221 1566 392 1638 cormunis,
408 1564 458 1627 vel
473 1565 653 1625 missionum.

145 1663 250 1725 Status
265 1661 348 1734 iiber,
364 1661 404 1722 de
419 1678 481 1741 quo
497 1668 592 1723 antea
605 1660 700 1723 locuti
715 1678 835 1721 sumus.
847 1660 973 1723 Adnota
986 1678 1040 1738 po·

102 1760 259 1824 tissimum
275 1757 376 1837 qualis
389 1757 485 1817 fucrit
497 1758 572 1818 cleri
587 1757 746 1819 saeculuris
765 1756 951 1819 existimatio
974 1775 1040 1817 me-

4 1861 5 1866 ’
102 1857 156 1919 dio
172 1872 252 1932 aevo,
274 1861 306 1915 et
325 1853 426 1933 qualis
447 1872 530 1914 nunc
549 1854 645 1915 etiam
664 1853 749 1931 apud
771 1855 907 1915 Graecos.
931 1852 1040 1915 Omnis

102 1952 268 2017 veneratio
282 1950 394 2012 transit
407 1950 440 2012 in
454 1949 627 2011 monachos
639 1968 646 2009 :
659 1948 744 2029 apud
759 1966 814 2010 eos
828 1949 930 2011 omnis
944 1948 1039 2010 studii

102 2052 287 2207 Guidlclglesio
298 2161 405 2224 graeca
417 2141 542 2222 repellit
556 2140 597 2202 ab
612 2138 776 2201 ordinibus
790 2137 942 2217 bigamos.

374 2307 409 2352 11.
425 2319 453 2352 rr
469 2317 582 2352 urnrsrro
597 2315 772 2351 onnrnrrrorus.

143 2426 212 2488 vll.
237 2423 382 2484 Declarat
409 2439 497 2483 eone.
523 2421 624 2498 rhid,
650 2438 727 2483 sess.
750 2421 1035 2502 Xlllll,cup.1v:

105 2545 121 2580 «
146 2521 357 2600 Episcopos...
383 2518 424 2580 ad
448 2517 680 2579 hierarchicum
708 2517 852 2580 ordinem
878 2519 1038 2600 praecipue

99 2619 299 2700 pertinere...
316 2633 433 2695 eosque
447 2615 640 2695 presbyteris
655 2613 833 2695 superiores
848 2635 928 2694 esse,
941 2635 979 2678 uc
989 2635 1039 2679 su·

101 2720 300 2776 crementum
315 2711 563 2774 confirmationis
577 2711 732 2788 conterre,
753 2711 911 2773 ministros
931 2713 1039 2772 Eccle-

101 2811 157 2872 siae
187 2809 351 2884 ordinare,
380 2811 476 2887 alque
503 2807 566 2867 ulia
592 2806 742 2887 pleraque
770 2824 923 2886 peragere
950 2807 1037 2884 ipsos

101 2925 208 2988 posse,
224 2923 359 2985 quarum
372 2903 569 2966 functionum
582 2906 771 2981 potestatem
784 2902 897 2981 reliqui
912 2901 1037 2964 interio-

101 3006 146 3066 ris
162 3003 281 3064 ordinis
296 3001 414 3062 nullam
428 3000 561 3074 habeni3
578 3021 593 3058 u
613 3005 644 3061 et
657 2999 749 3074 ibid„
766 3016 793 3059 o.
811 3013 856 3059 vn
875 3015 881 3057 :
899 2999 1037 3080 «Siquis

101 3098 218 3161 dixerit
231 3097 395 3177 episcopos
408 3114 472 3158 non
487 3113 556 3157 esse
570 3095 763 3176 presbyteris
782 3095 970 3173 superiores,
987 3098 1037 3157 vel

100 3213 167 3256 non
181 3193 299 3254 hebere
313 3194 502 3272 potestatem
515 3191 722 3253 confirmandi
737 3196 769 3253 et
787 3191 966 3271 ordinandi,
987 3194 1037 3256 vel

100 3309 174 3352 eam
189 3307 285 3369 quam
299 3288 418 3350 hubent
430 3287 491 3349 illis
506 3305 574 3348 esse
593 3304 666 3348 cum
685 3286 878 3366 presbyteris
897 3306 1038 3350 commu-

100 3405 216 3449 nem...
233 3385 404 3446 anathema
417 3385 468 3446 sit.
484 3406 499 3442 u

140 3483 198 3542 llis
212 3481 318 3542 verbis
332 3481 419 3542 'frid
436 3498 494 3543 nos
509 3480 602 3542 docet
620 3479 820 3542 collationem
839 3483 904 3543 sive
924 3482 1038 3543 confir-

100 3577 262 3654 mationis,
279 3577 345 3638 sive
361 3576 491 3653 ordinis,
514 3594 581 3637 esse
601 3575 794 3638 functionem
815 3576 933 3638 ordinis
955 3575 1037 3655 epis-
