<?xml version="1.0" encoding="UTF-8"?>
<!DOCTYPE html PUBLIC "-//W3C//DTD XHTML 1.0 Transitional//EN"
    "http://www.w3.org/TR/xhtml1/DTD/xhtml1-transitional.dtd">
<html xmlns="http://www.w3.org/1999/xhtml" xml:lang="en" lang="en">
 <head>
  <title>
</title>
<meta http-equiv="Content-Type" content="text/html;charset=utf-8" />
  <meta name='ocr-system' content='tesseract 3.04.00' />
  <meta name='ocr-capabilities' content='ocr_page ocr_carea ocr_par ocr_line ocrx_word'/>
</head>
<body>
  <div class='ocr_page' id='page_1' title='image "./institutionesju04marigoog_0083.png"; bbox 0 0 2442 4125; ppageno 0'>
   <div class='ocr_carea' id='block_1_1' title="bbox 328 398 1030 457">
    <p class='ocr_par' dir='ltr' id='par_1_1' title="bbox 328 398 1030 457">
     <span class='ocr_line' id='line_1_1' title="bbox 328 398 1030 457; baseline 0.013 -9"><span class='ocrx_word' id='word_1_1' title='bbox 328 402 366 449; x_wconf 85' lang='lat' dir='ltr'><strong>nn</strong></span> <span class='ocrx_word' id='word_1_2' title='bbox 388 400 516 449; x_wconf 77' lang='lat' dir='ltr'><strong>ossncro</strong></span> <span class='ocrx_word' id='word_1_3' title='bbox 536 404 620 450; x_wconf 68' lang='lat' dir='ltr'><strong>euers</strong></span> <span class='ocrx_word' id='word_1_4' title='bbox 640 404 796 453; x_wconf 73' lang='lat' dir='ltr'><strong>cenoman</strong></span> <span class='ocrx_word' id='word_1_5' title='bbox 990 398 1030 457; x_wconf 79' lang='grc'><strong>73</strong></span> 
     </span>
    </p>
   </div>
   <div class='ocr_carea' id='block_1_2' title="bbox 65 544 1030 3014">
    <p class='ocr_par' dir='ltr' id='par_1_2' title="bbox 91 544 1029 704">
     <span class='ocr_line' id='line_1_2' title="bbox 92 544 1029 628; baseline 0.007 -21"><span class='ocrx_word' id='word_1_6' title='bbox 92 544 359 607; x_wconf 84' lang='lat' dir='ltr'><strong>reservationihus</strong></span> <span class='ocrx_word' id='word_1_7' title='bbox 374 564 453 625; x_wconf 84' lang='lat' dir='ltr'><strong>quae</strong></span> <span class='ocrx_word' id='word_1_8' title='bbox 470 562 527 625; x_wconf 90' lang='lat' dir='ltr'><strong>pro</strong></span> <span class='ocrx_word' id='word_1_9' title='bbox 548 547 757 627; x_wconf 83' lang='lat' dir='ltr'><strong>quorumdem</strong></span> <span class='ocrx_word' id='word_1_10' title='bbox 775 549 958 628; x_wconf 80' lang='lat' dir='ltr'><strong>graviorum</strong></span> <span class='ocrx_word' id='word_1_11' title='bbox 972 554 1029 613; x_wconf 90' lang='lat' dir='ltr'><strong>cri·</strong></span> 
     </span>
     <span class='ocr_line' id='line_1_3' title="bbox 91 641 692 704; baseline 0.003 -3"><span class='ocrx_word' id='word_1_12' title='bbox 91 642 217 701; x_wconf 89' lang='lat' dir='ltr'><strong>minum</strong></span> <span class='ocrx_word' id='word_1_13' title='bbox 231 641 419 702; x_wconf 75' lang='lat' dir='ltr'>coercitione</span> <span class='ocrx_word' id='word_1_14' title='bbox 435 642 470 702; x_wconf 86' lang='lat' dir='ltr'><strong>R.</strong></span> <span class='ocrx_word' id='word_1_15' title='bbox 489 644 523 703; x_wconf 87' lang='lat' dir='ltr'><strong>P.</strong></span> <span class='ocrx_word' id='word_1_16' title='bbox 540 641 692 704; x_wconf 87' lang='lat' dir='ltr'><strong>fecerunt.</strong></span> 
     </span>
    </p>

    <p class='ocr_par' dir='ltr' id='par_1_3' title="bbox 90 735 1030 1103">
     <span class='ocr_line' id='line_1_4' title="bbox 133 735 1029 817; baseline 0.009 -20"><span class='ocrx_word' id='word_1_17' title='bbox 133 738 277 797; x_wconf 78' lang='lat' dir='ltr'><strong>Potestas</strong></span> <span class='ocrx_word' id='word_1_18' title='bbox 292 735 382 814; x_wconf 85' lang='lat' dir='ltr'><strong>quesi</strong></span> <span class='ocrx_word' id='word_1_19' title='bbox 396 736 580 815; x_wconf 87' lang='lat' dir='ltr'><strong>episcopalis</strong></span> <span class='ocrx_word' id='word_1_20' title='bbox 600 739 810 817; x_wconf 85' lang='lat' dir='ltr'><strong>quorumdem</strong></span> <span class='ocrx_word' id='word_1_21' title='bbox 827 740 1029 817; x_wconf 72' lang='lat' dir='ltr'><strong>prelatorum</strong></span> 
     </span>
     <span class='ocr_line' id='line_1_5' title="bbox 92 830 1029 913; baseline 0.006 -22"><span class='ocrx_word' id='word_1_22' title='bbox 92 830 472 909; x_wconf 81' lang='lat' dir='ltr'><strong>habentiumseparatnm</strong></span> <span class='ocrx_word' id='word_1_23' title='bbox 485 832 689 910; x_wconf 77' lang='lat' dir='ltr'><strong>territorium,</strong></span> <span class='ocrx_word' id='word_1_24' title='bbox 701 834 751 894; x_wconf 83' lang='lat' dir='ltr'><strong>vel</strong></span> <span class='ocrx_word' id='word_1_25' title='bbox 765 834 969 913; x_wconf 71' lang='lat' dir='ltr'><strong>prolatorum</strong></span> <span class='ocrx_word' id='word_1_26' title='bbox 981 856 1029 898; x_wconf 85' lang='lat' dir='ltr'><strong>re·</strong></span> 
     </span>
     <span class='ocr_line' id='line_1_6' title="bbox 91 925 1030 1011; baseline 0.01 -26"><span class='ocrx_word' id='word_1_27' title='bbox 91 925 253 1005; x_wconf 84' lang='lat' dir='ltr'><strong>gnlerinm</strong></span> <span class='ocrx_word' id='word_1_28' title='bbox 274 926 378 1005; x_wconf 89' lang='lat' dir='ltr'><strong>quoad</strong></span> <span class='ocrx_word' id='word_1_29' title='bbox 399 944 472 987; x_wconf 89' lang='lat' dir='ltr'><strong>suos</strong></span> <span class='ocrx_word' id='word_1_30' title='bbox 492 927 633 989; x_wconf 92' lang='lat' dir='ltr'><strong>subditos</strong></span> <span class='ocrx_word' id='word_1_31' title='bbox 651 931 837 1008; x_wconf 73' lang='lat' dir='ltr'><strong>respective,</strong></span> <span class='ocrx_word' id='word_1_32' title='bbox 859 932 1030 1011; x_wconf 82' lang='lat' dir='ltr'><strong>episcopali</strong></span> 
     </span>
     <span class='ocr_line' id='line_1_7' title="bbox 90 1022 806 1103; baseline 0.008 -23"><span class='ocrx_word' id='word_1_33' title='bbox 90 1022 126 1081; x_wconf 92' lang='lat' dir='ltr'><strong>in</strong></span> <span class='ocrx_word' id='word_1_34' title='bbox 140 1022 248 1082; x_wconf 91' lang='lat' dir='ltr'><strong>multis</strong></span> <span class='ocrx_word' id='word_1_35' title='bbox 263 1024 294 1082; x_wconf 91' lang='lat' dir='ltr'><strong>ct</strong></span> <span class='ocrx_word' id='word_1_36' title='bbox 307 1022 372 1082; x_wconf 87' lang='lat' dir='ltr'><strong>fere</strong></span> <span class='ocrx_word' id='word_1_37' title='bbox 386 1022 418 1082; x_wconf 93' lang='lat' dir='ltr'><strong>in</strong></span> <span class='ocrx_word' id='word_1_38' title='bbox 433 1024 578 1083; x_wconf 88' lang='lat' dir='ltr'><strong>omnibus</strong></span> <span class='ocrx_word' id='word_1_39' title='bbox 594 1030 806 1103; x_wconf 81' lang='lat' dir='ltr'><strong>comparatur.</strong></span> 
     </span>
    </p>

    <p class='ocr_par' dir='ltr' id='par_1_4' title="bbox 65 1112 1030 3014">
     <span class='ocr_line' id='line_1_8' title="bbox 133 1112 1029 1196; baseline 0.01 -22"><span class='ocrx_word' id='word_1_40' title='bbox 133 1116 166 1174; x_wconf 86' lang='lat'><strong>3⁰</strong></span> <span class='ocrx_word' id='word_1_41' title='bbox 187 1112 221 1175; x_wconf 90' lang='lat' dir='ltr'><strong>Si</strong></span> <span class='ocrx_word' id='word_1_42' title='bbox 241 1112 442 1194; x_wconf 77' lang='lat' dir='ltr'><strong>conjungitur</strong></span> <span class='ocrx_word' id='word_1_43' title='bbox 462 1133 535 1176; x_wconf 89' lang='lat' dir='ltr'><strong>oum</strong></span> <span class='ocrx_word' id='word_1_44' title='bbox 553 1117 641 1177; x_wconf 90' lang='lat' dir='ltr'><strong>nulle</strong></span> <span class='ocrx_word' id='word_1_45' title='bbox 655 1116 884 1196; x_wconf 84' lang='lat' dir='ltr'><strong>jurisdictione,</strong></span> <span class='ocrx_word' id='word_1_46' title='bbox 905 1124 1029 1184; x_wconf 84' lang='lat' dir='ltr'><strong>tentum</strong></span> 
     </span>
     <span class='ocr_line' id='line_1_9' title="bbox 89 1212 1030 1290; baseline 0.013 -22"><span class='ocrx_word' id='word_1_47' title='bbox 89 1212 198 1287; x_wconf 88' lang='lat' dir='ltr'><strong>potest</strong></span> <span class='ocrx_word' id='word_1_48' title='bbox 222 1226 366 1269; x_wconf 86' lang='lat' dir='ltr'><strong>exercere</strong></span> <span class='ocrx_word' id='word_1_49' title='bbox 394 1214 547 1290; x_wconf 86' lang='lat' dir='ltr'><strong>quantum</strong></span> <span class='ocrx_word' id='word_1_50' title='bbox 573 1213 788 1275; x_wconf 90' lang='lat' dir='ltr'><strong>committitur.</strong></span> <span class='ocrx_word' id='word_1_51' title='bbox 817 1216 1030 1280; x_wconf 74' lang='lat' dir='ltr'><strong>committitur</strong></span> 
     </span>
     <span class='ocr_line' id='line_1_10' title="bbox 90 1306 1028 1391; baseline 0.012 -27"><span class='ocrx_word' id='word_1_52' title='bbox 90 1310 200 1365; x_wconf 84' lang='lat' dir='ltr'><strong>autem</strong></span> <span class='ocrx_word' id='word_1_53' title='bbox 218 1324 225 1364; x_wconf 93' lang='lat'>:</span> <span class='ocrx_word' id='word_1_54' title='bbox 240 1307 324 1365; x_wconf 76' lang='grc' dir='ltr'><strong>--1ο</strong></span> <span class='ocrx_word' id='word_1_55' title='bbox 340 1306 491 1367; x_wconf 86' lang='lat' dir='ltr'>Omnibus</span> <span class='ocrx_word' id='word_1_56' title='bbox 505 1307 698 1386; x_wconf 83' lang='lat' dir='ltr'><strong>presbyteris</strong></span> <span class='ocrx_word' id='word_1_57' title='bbox 712 1309 753 1369; x_wconf 89' lang='lat' dir='ltr'><strong>eb</strong></span> <span class='ocrx_word' id='word_1_58' title='bbox 771 1311 839 1391; x_wconf 88' lang='lat' dir='ltr'><strong>ipeo</strong></span> <span class='ocrx_word' id='word_1_59' title='bbox 857 1310 929 1391; x_wconf 87' lang='lat' dir='ltr'><strong>jure</strong></span> <span class='ocrx_word' id='word_1_60' title='bbox 944 1330 1028 1375; x_wconf 91' lang='lat' dir='ltr'><strong>com·</strong></span> 
     </span>
     <span class='ocr_line' id='line_1_11' title="bbox 90 1401 1028 1485; baseline 0.012 -26"><span class='ocrx_word' id='word_1_61' title='bbox 90 1402 182 1461; x_wconf 90' lang='lat' dir='ltr'><strong>muni</strong></span> <span class='ocrx_word' id='word_1_62' title='bbox 194 1401 227 1460; x_wconf 92' lang='lat' dir='ltr'><strong>in</strong></span> <span class='ocrx_word' id='word_1_63' title='bbox 242 1418 316 1461; x_wconf 84' lang='lat' dir='ltr'><strong>casu</strong></span> <span class='ocrx_word' id='word_1_64' title='bbox 332 1402 537 1480; x_wconf 80' lang='lat' dir='ltr'><strong>necessitatis,</strong></span> <span class='ocrx_word' id='word_1_65' title='bbox 554 1421 610 1464; x_wconf 83' lang='lat' dir='ltr'><strong>seu</strong></span> <span class='ocrx_word' id='word_1_66' title='bbox 625 1404 657 1465; x_wconf 92' lang='lat' dir='ltr'><strong>in</strong></span> <span class='ocrx_word' id='word_1_67' title='bbox 672 1406 810 1483; x_wconf 88' lang='lat' dir='ltr'><strong>periculo</strong></span> <span class='ocrx_word' id='word_1_68' title='bbox 825 1410 946 1485; x_wconf 84' lang='lat' dir='ltr'><strong>mortis,</strong></span> <span class='ocrx_word' id='word_1_69' title='bbox 962 1410 1028 1470; x_wconf 83' lang='lat' dir='ltr'><strong>sire</strong></span> 
     </span>
     <span class='ocr_line' id='line_1_12' title="bbox 90 1494 1028 1583; baseline 0.012 -29"><span class='ocrx_word' id='word_1_70' title='bbox 90 1496 160 1555; x_wconf 88' lang='lat' dir='ltr'><strong>ulta</strong></span> <span class='ocrx_word' id='word_1_71' title='bbox 173 1494 373 1571; x_wconf 83' lang='lat' dir='ltr'><strong>limitatione3</strong></span> <span class='ocrx_word' id='word_1_72' title='bbox 390 1530 431 1541; x_wconf 90' lang='lat'><em>-</em></span> <span class='ocrx_word' id='word_1_73' title='bbox 440 1501 471 1558; x_wconf 68' lang='lat'><strong>2⁰</strong></span> <span class='ocrx_word' id='word_1_74' title='bbox 482 1499 726 1562; x_wconf 84' lang='lat' dir='ltr'><strong>Poenitentieriis</strong></span> <span class='ocrx_word' id='word_1_75' title='bbox 740 1501 913 1582; x_wconf 83' lang='lat' dir='ltr'><strong>majoribus</strong></span> <span class='ocrx_word' id='word_1_76' title='bbox 923 1505 1028 1583; x_wconf 77' lang='lat' dir='ltr'><strong>singn-</strong></span> 
     </span>
     <span class='ocr_line' id='line_1_13' title="bbox 89 1592 1028 1677; baseline 0.009 -25"><span class='ocrx_word' id='word_1_77' title='bbox 89 1592 195 1652; x_wconf 88' lang='lat' dir='ltr'><strong>larum</strong></span> <span class='ocrx_word' id='word_1_78' title='bbox 206 1592 388 1653; x_wconf 75' lang='lat' dir='ltr'><strong>dioecesium</strong></span> <span class='ocrx_word' id='word_1_79' title='bbox 398 1594 519 1655; x_wconf 90' lang='lat' dir='ltr'><strong>ratione</strong></span> <span class='ocrx_word' id='word_1_80' title='bbox 529 1596 680 1674; x_wconf 80' lang='lat' dir='ltr'><strong>numeris,</strong></span> <span class='ocrx_word' id='word_1_81' title='bbox 688 1600 720 1659; x_wconf 86' lang='lat' dir='ltr'><strong>et</strong></span> <span class='ocrx_word' id='word_1_82' title='bbox 729 1598 1028 1677; x_wconf 85' lang='lat' dir='ltr'><strong>ordinarioproinde</strong></span> 
     </span>
     <span class='ocr_line' id='line_1_14' title="bbox 89 1688 1028 1774; baseline 0.007 -26"><span class='ocrx_word' id='word_1_83' title='bbox 89 1688 297 1750; x_wconf 80' lang='lat' dir='ltr'><strong>committitur</strong></span> <span class='ocrx_word' id='word_1_84' title='bbox 318 1692 385 1752; x_wconf 83' lang='lat' dir='ltr'><strong>tote</strong></span> <span class='ocrx_word' id='word_1_85' title='bbox 404 1690 458 1750; x_wconf 90' lang='lat' dir='ltr'><strong>illa</strong></span> <span class='ocrx_word' id='word_1_86' title='bbox 479 1708 549 1770; x_wconf 80' lang='lat' dir='ltr'><strong>qnae</strong></span> <span class='ocrx_word' id='word_1_87' title='bbox 566 1690 639 1770; x_wconf 85' lang='lat' dir='ltr'><strong>jure</strong></span> <span class='ocrx_word' id='word_1_88' title='bbox 660 1692 788 1771; x_wconf 86' lang='lat' dir='ltr'><strong>proprio</strong></span> <span class='ocrx_word' id='word_1_89' title='bbox 807 1697 839 1754; x_wconf 90' lang='lat' dir='ltr'><strong>et</strong></span> <span class='ocrx_word' id='word_1_90' title='bbox 857 1694 1028 1774; x_wconf 77' lang='lat' dir='ltr'><strong>originario</strong></span> 
     </span>
     <span class='ocr_line' id='line_1_15' title="bbox 89 1784 1028 1868; baseline 0.007 -24"><span class='ocrx_word' id='word_1_91' title='bbox 89 1788 140 1845; x_wconf 89' lang='lat' dir='ltr'><strong>est</strong></span> <span class='ocrx_word' id='word_1_92' title='bbox 161 1785 194 1844; x_wconf 91' lang='lat' dir='ltr'><strong>in</strong></span> <span class='ocrx_word' id='word_1_93' title='bbox 214 1784 344 1866; x_wconf 84' lang='lat' dir='ltr'><strong>singulis</strong></span> <span class='ocrx_word' id='word_1_94' title='bbox 365 1785 531 1865; x_wconf 87' lang='lat' dir='ltr'><strong>episcopis,</strong></span> <span class='ocrx_word' id='word_1_95' title='bbox 556 1804 692 1865; x_wconf 88' lang='lat' dir='ltr'><strong>quornm</strong></span> <span class='ocrx_word' id='word_1_96' title='bbox 714 1788 819 1868; x_wconf 86' lang='lat' dir='ltr'><strong>aliquo</strong></span> <span class='ocrx_word' id='word_1_97' title='bbox 841 1807 934 1851; x_wconf 90' lang='lat' dir='ltr'><strong>sensu</strong></span> <span class='ocrx_word' id='word_1_98' title='bbox 955 1794 1028 1851; x_wconf 83' lang='lat' dir='ltr'><strong>sunt</strong></span> 
     </span>
     <span class='ocr_line' id='line_1_16' title="bbox 88 1884 1028 1967; baseline 0.005 -24"><span class='ocrx_word' id='word_1_99' title='bbox 88 1884 201 1943; x_wconf 79' lang='lat' dir='ltr'><strong>vicarii</strong></span> <span class='ocrx_word' id='word_1_100' title='bbox 216 1884 379 1964; x_wconf 81' lang='lat' dir='ltr'><strong>generales</strong></span> <span class='ocrx_word' id='word_1_101' title='bbox 389 1902 446 1964; x_wconf 92' lang='lat' dir='ltr'><strong>pro</strong></span> <span class='ocrx_word' id='word_1_102' title='bbox 457 1903 495 1945; x_wconf 88' lang='lat' dir='ltr'><strong>ee</strong></span> <span class='ocrx_word' id='word_1_103' title='bbox 505 1889 593 1965; x_wconf 86' lang='lat' dir='ltr'><strong>parte</strong></span> <span class='ocrx_word' id='word_1_104' title='bbox 605 1884 833 1964; x_wconf 83' lang='lat' dir='ltr'><strong>jurisdictionis</strong></span> <span class='ocrx_word' id='word_1_105' title='bbox 843 1905 914 1967; x_wconf 68' lang='lat' dir='ltr'><strong>quse</strong></span> <span class='ocrx_word' id='word_1_106' title='bbox 924 1888 1028 1949; x_wconf 83' lang='lat' dir='ltr'><strong>iorum</strong></span> 
     </span>
     <span class='ocr_line' id='line_1_17' title="bbox 89 1979 1029 2059; baseline 0.003 -21"><span class='ocrx_word' id='word_1_107' title='bbox 89 1980 250 2041; x_wconf 91' lang='lat' dir='ltr'><strong>internum</strong></span> <span class='ocrx_word' id='word_1_108' title='bbox 265 1979 409 2059; x_wconf 82' lang='lat' dir='ltr'><strong>respicit3</strong></span> <span class='ocrx_word' id='word_1_109' title='bbox 425 2014 466 2026; x_wconf 97' lang='lat'><em>-</em></span> <span class='ocrx_word' id='word_1_110' title='bbox 479 1982 510 2040; x_wconf 83' lang='lat'><strong>3⁰</strong></span> <span class='ocrx_word' id='word_1_111' title='bbox 525 1981 603 2041; x_wconf 80' lang='lat' dir='ltr'><strong>Aliis</strong></span> <span class='ocrx_word' id='word_1_112' title='bbox 617 1980 809 2059; x_wconf 88' lang='lat' dir='ltr'><strong>presbyteris</strong></span> <span class='ocrx_word' id='word_1_113' title='bbox 823 1983 1029 2044; x_wconf 88' lang='lat' dir='ltr'><strong>committitur</strong></span> 
     </span>
     <span class='ocr_line' id='line_1_18' title="bbox 89 2076 1028 2156; baseline 0.002 -20"><span class='ocrx_word' id='word_1_114' title='bbox 89 2076 206 2136; x_wconf 84' lang='lat' dir='ltr'><strong>affecte</strong></span> <span class='ocrx_word' id='word_1_115' title='bbox 219 2076 483 2138; x_wconf 81' lang='lat' dir='ltr'><strong>reservationibus</strong></span> <span class='ocrx_word' id='word_1_116' title='bbox 503 2095 566 2138; x_wconf 91' lang='lat' dir='ltr'><strong>non</strong></span> <span class='ocrx_word' id='word_1_117' title='bbox 584 2080 709 2137; x_wconf 85' lang='lat' dir='ltr'><strong>tantum</strong></span> <span class='ocrx_word' id='word_1_118' title='bbox 726 2077 902 2156; x_wconf 89' lang='lat' dir='ltr'><strong>pontificiis,</strong></span> <span class='ocrx_word' id='word_1_119' title='bbox 919 2077 975 2137; x_wconf 90' lang='lat' dir='ltr'><strong>sed</strong></span> <span class='ocrx_word' id='word_1_120' title='bbox 997 2082 1028 2138; x_wconf 90' lang='lat' dir='ltr'><strong>et</strong></span> 
     </span>
     <span class='ocr_line' id='line_1_19' title="bbox 90 2171 1027 2252; baseline 0.002 -22"><span class='ocrx_word' id='word_1_121' title='bbox 90 2173 341 2252; x_wconf 82' lang='lat' dir='ltr'><strong>episcopalibns3</strong></span> <span class='ocrx_word' id='word_1_122' title='bbox 358 2178 467 2234; x_wconf 82' lang='lat' dir='ltr'><strong>utnon</strong></span> <span class='ocrx_word' id='word_1_123' title='bbox 482 2173 628 2234; x_wconf 89' lang='lat' dir='ltr'><strong>omnibus</strong></span> <span class='ocrx_word' id='word_1_124' title='bbox 642 2171 845 2251; x_wconf 86' lang='lat' dir='ltr'><strong>presbyteris,</strong></span> <span class='ocrx_word' id='word_1_125' title='bbox 861 2171 917 2232; x_wconf 91' lang='lat' dir='ltr'><strong>sed</strong></span> <span class='ocrx_word' id='word_1_126' title='bbox 932 2175 964 2233; x_wconf 83' lang='lat' dir='ltr'><strong>l⁰</strong></span> <span class='ocrx_word' id='word_1_127' title='bbox 978 2190 1027 2233; x_wconf 93' lang='lat' dir='ltr'><strong>or·</strong></span> 
     </span>
     <span class='ocr_line' id='line_1_20' title="bbox 90 2267 1026 2349; baseline 0.002 -21"><span class='ocrx_word' id='word_1_128' title='bbox 90 2268 214 2329; x_wconf 84' lang='lat' dir='ltr'><strong>dinario</strong></span> <span class='ocrx_word' id='word_1_129' title='bbox 230 2268 368 2348; x_wconf 90' lang='lat' dir='ltr'><strong>quodam</strong></span> <span class='ocrx_word' id='word_1_130' title='bbox 382 2269 476 2330; x_wconf 89' lang='lat' dir='ltr'><strong>modo</strong></span> <span class='ocrx_word' id='word_1_131' title='bbox 491 2268 649 2349; x_wconf 88' lang='lat' dir='ltr'><strong>parochis,</strong></span> <span class='ocrx_word' id='word_1_132' title='bbox 667 2286 812 2348; x_wconf 85' lang='lat' dir='ltr'><strong>qnorum,</strong></span> <span class='ocrx_word' id='word_1_133' title='bbox 830 2271 864 2328; x_wconf 89' lang='lat' dir='ltr'><strong>ut</strong></span> <span class='ocrx_word' id='word_1_134' title='bbox 884 2285 942 2329; x_wconf 89' lang='lat' dir='ltr'><strong>suo</strong></span> <span class='ocrx_word' id='word_1_135' title='bbox 955 2267 1026 2330; x_wconf 91' lang='lat' dir='ltr'><strong>loco</strong></span> 
     </span>
     <span class='ocr_line' id='line_1_21' title="bbox 90 2365 1027 2449; baseline 0.002 -25"><span class='ocrx_word' id='word_1_136' title='bbox 90 2365 212 2426; x_wconf 84' lang='lat' dir='ltr'><strong>dictum</strong></span> <span class='ocrx_word' id='word_1_137' title='bbox 226 2369 283 2442; x_wconf 88' lang='lat' dir='ltr'><strong>est,</strong></span> <span class='ocrx_word' id='word_1_138' title='bbox 295 2383 408 2426; x_wconf 86' lang='lat' dir='ltr'><strong>munus</strong></span> <span class='ocrx_word' id='word_1_139' title='bbox 419 2365 614 2426; x_wconf 86' lang='lat' dir='ltr'><strong>ordinarium</strong></span> <span class='ocrx_word' id='word_1_140' title='bbox 631 2370 678 2427; x_wconf 88' lang='lat' dir='ltr'><strong>est</strong></span> <span class='ocrx_word' id='word_1_141' title='bbox 694 2366 835 2426; x_wconf 90' lang='lat' dir='ltr'><strong>omnium</strong></span> <span class='ocrx_word' id='word_1_142' title='bbox 846 2383 1027 2449; x_wconf 12' lang='lat' dir='ltr'><strong>&#39;sacramen-</strong></span> 
     </span>
     <span class='ocr_line' id='line_1_22' title="bbox 89 2457 1026 2539; baseline -0.001 -20"><span class='ocrx_word' id='word_1_143' title='bbox 89 2465 197 2520; x_wconf 89' lang='lat' dir='ltr'><strong>torum</strong></span> <span class='ocrx_word' id='word_1_144' title='bbox 217 2459 444 2521; x_wconf 79' lang='lat' dir='ltr'><strong>administratio</strong></span> <span class='ocrx_word' id='word_1_145' title='bbox 465 2477 522 2538; x_wconf 88' lang='lat' dir='ltr'><strong>pro</strong></span> <span class='ocrx_word' id='word_1_146' title='bbox 536 2458 629 2539; x_wconf 89' lang='lat' dir='ltr'><strong>plebe</strong></span> <span class='ocrx_word' id='word_1_147' title='bbox 643 2477 712 2535; x_wconf 86' lang='lat' dir='ltr'><strong>sue,</strong></span> <span class='ocrx_word' id='word_1_148' title='bbox 729 2475 799 2538; x_wconf 83' lang='lat' dir='ltr'><strong>quae</strong></span> <span class='ocrx_word' id='word_1_149' title='bbox 814 2459 926 2520; x_wconf 85' lang='lat' dir='ltr'><strong>saltem</strong></span> <span class='ocrx_word' id='word_1_150' title='bbox 941 2457 1026 2518; x_wconf 88' lang='lat' dir='ltr'><strong>ordi·</strong></span> 
     </span>
     <span class='ocr_line' id='line_1_23' title="bbox 90 2555 1021 2634; baseline 0 -19"><span class='ocrx_word' id='word_1_151' title='bbox 90 2555 180 2617; x_wconf 84' lang='lat' dir='ltr'><strong>narie</strong></span> <span class='ocrx_word' id='word_1_152' title='bbox 220 2556 469 2618; x_wconf 81' lang='lat' dir='ltr'><strong>administranda</strong></span> <span class='ocrx_word' id='word_1_153' title='bbox 508 2556 701 2634; x_wconf 80' lang='lat' dir='ltr'><strong>presbyteris</strong></span> <span class='ocrx_word' id='word_1_154' title='bbox 742 2555 1021 2626; x_wconf 66' lang='lat' dir='ltr'><strong>commendantem</strong></span> 
     </span>
     <span class='ocr_line' id='line_1_24' title="bbox 89 2648 1025 2729; baseline -0.005 -18"><span class='ocrx_word' id='word_1_155' title='bbox 89 2654 123 2711; x_wconf 77' lang='lat'><strong>2⁰</strong></span> <span class='ocrx_word' id='word_1_156' title='bbox 146 2649 393 2712; x_wconf 85' lang='lat' dir='ltr'><strong>extraordinario</strong></span> <span class='ocrx_word' id='word_1_157' title='bbox 413 2649 551 2729; x_wconf 86' lang='lat' dir='ltr'><strong>quodem</strong></span> <span class='ocrx_word' id='word_1_158' title='bbox 572 2649 679 2720; x_wconf 88' lang='lat' dir='ltr'><strong>modo,</strong></span> <span class='ocrx_word' id='word_1_159' title='bbox 694 2665 749 2709; x_wconf 91' lang='lat' dir='ltr'><strong>seu</strong></span> <span class='ocrx_word' id='word_1_160' title='bbox 771 2666 809 2708; x_wconf 86' lang='lat' dir='ltr'><strong>ex</strong></span> <span class='ocrx_word' id='word_1_161' title='bbox 828 2648 1025 2724; x_wconf 77' lang='lat' dir='ltr'><strong>delegatione</strong></span> 
     </span>
     <span class='ocr_line' id='line_1_25' title="bbox 65 2741 1026 2825; baseline -0.01 -15"><span class='ocrx_word' id='word_1_162' title='bbox 65 2807 68 2811; x_wconf 83' lang='lat'><em>.</em></span> <span class='ocrx_word' id='word_1_163' title='bbox 91 2763 164 2824; x_wconf 85' lang='lat' dir='ltr'><strong>quae</strong></span> <span class='ocrx_word' id='word_1_164' title='bbox 184 2747 289 2825; x_wconf 91' lang='lat' dir='ltr'><strong>potius</strong></span> <span class='ocrx_word' id='word_1_165' title='bbox 309 2745 450 2824; x_wconf 88' lang='lat' dir='ltr'><strong>personis</strong></span> <span class='ocrx_word' id='word_1_166' title='bbox 463 2744 596 2806; x_wconf 83' lang='lat' dir='ltr'><strong>inhaeret</strong></span> <span class='ocrx_word' id='word_1_167' title='bbox 616 2761 711 2824; x_wconf 86' lang='lat' dir='ltr'><strong>quam</strong></span> <span class='ocrx_word' id='word_1_168' title='bbox 731 2743 864 2817; x_wconf 87' lang='lat' dir='ltr'><strong>numeri,</strong></span> <span class='ocrx_word' id='word_1_169' title='bbox 880 2741 1026 2802; x_wconf 84' lang='lat' dir='ltr'><strong>omnibns</strong></span> 
     </span>
     <span class='ocr_line' id='line_1_26' title="bbox 90 2837 1027 2920; baseline -0.004 -20"><span class='ocrx_word' id='word_1_170' title='bbox 90 2841 145 2920; x_wconf 92' lang='lat' dir='ltr'><strong>qui</strong></span> <span class='ocrx_word' id='word_1_171' title='bbox 167 2841 344 2918; x_wconf 88' lang='lat' dir='ltr'><strong>specialiter</strong></span> <span class='ocrx_word' id='word_1_172' title='bbox 364 2840 484 2904; x_wconf 85' lang='lat' dir='ltr'><strong>adhoc</strong></span> <span class='ocrx_word' id='word_1_173' title='bbox 503 2839 641 2902; x_wconf 80' lang='lat' dir='ltr'><strong>officium</strong></span> <span class='ocrx_word' id='word_1_174' title='bbox 658 2840 698 2901; x_wconf 87' lang='lat' dir='ltr'><strong>ab</strong></span> <span class='ocrx_word' id='word_1_175' title='bbox 717 2837 864 2917; x_wconf 87' lang='lat' dir='ltr'><strong>episcopo</strong></span> <span class='ocrx_word' id='word_1_176' title='bbox 879 2840 952 2897; x_wconf 92' lang='lat' dir='ltr'><strong>sunt</strong></span> <span class='ocrx_word' id='word_1_177' title='bbox 970 2855 1027 2914; x_wconf 90' lang='lat' dir='ltr'><strong>ap·</strong></span> 
     </span>
     <span class='ocr_line' id='line_1_27' title="bbox 89 2935 228 3014; baseline 0.022 -19"><span class='ocrx_word' id='word_1_178' title='bbox 89 2935 228 3014; x_wconf 84' lang='lat' dir='ltr'><strong>probati.</strong></span> 
     </span>
    </p>
   </div>
   <div class='ocr_carea' id='block_1_3' title="bbox 267 3070 850 3132">
    <p class='ocr_par' dir='ltr' id='par_1_5' title="bbox 267 3070 850 3132">
     <span class='ocr_line' id='line_1_28' title="bbox 267 3070 850 3132; baseline -0.009 -14"><span class='ocrx_word' id='word_1_179' title='bbox 267 3075 300 3119; x_wconf 91' lang='lat' dir='ltr'><strong>Il.</strong></span> <span class='ocrx_word' id='word_1_180' title='bbox 314 3075 346 3120; x_wconf 83' lang='lat' dir='ltr'><strong>lie</strong></span> <span class='ocrx_word' id='word_1_181' title='bbox 356 3077 424 3132; x_wconf 83' lang='lat' dir='ltr'><strong>poeuis</strong></span> <span class='ocrx_word' id='word_1_182' title='bbox 435 3076 458 3118; x_wconf 90' lang='lat' dir='ltr'><strong>ln</strong></span> <span class='ocrx_word' id='word_1_183' title='bbox 469 3075 597 3131; x_wconf 75' lang='lat' dir='ltr'><strong>penitentie</strong></span> <span class='ocrx_word' id='word_1_184' title='bbox 609 3076 744 3117; x_wconf 72' lang='lat' dir='ltr'><strong>enarmonio</strong></span> <span class='ocrx_word' id='word_1_185' title='bbox 755 3070 850 3114; x_wconf 74' lang='lat' dir='ltr'><strong>iullictts,</strong></span> 
     </span>
    </p>
   </div>
   <div class='ocr_carea' id='block_1_4' title="bbox 89 3223 1027 3501">
    <p class='ocr_par' dir='ltr' id='par_1_6' title="bbox 89 3223 1027 3501">
     <span class='ocr_line' id='line_1_29' title="bbox 130 3223 1024 3310; baseline -0.001 -23"><span class='ocrx_word' id='word_1_186' title='bbox 130 3227 184 3289; x_wconf 91' lang='lat' dir='ltr'><strong>lll.</strong></span> <span class='ocrx_word' id='word_1_187' title='bbox 200 3229 273 3306; x_wconf 87' lang='lat' dir='ltr'><strong>lpse</strong></span> <span class='ocrx_word' id='word_1_188' title='bbox 282 3227 394 3308; x_wconf 80' lang='lat' dir='ltr'><strong>judicii</strong></span> <span class='ocrx_word' id='word_1_189' title='bbox 407 3229 447 3289; x_wconf 92' lang='lat' dir='ltr'><strong>de</strong></span> <span class='ocrx_word' id='word_1_190' title='bbox 458 3247 519 3310; x_wconf 86' lang='lat' dir='ltr'><strong>quo</strong></span> <span class='ocrx_word' id='word_1_191' title='bbox 530 3229 768 3308; x_wconf 79' lang='lat' dir='ltr'><strong>agiturneture,</strong></span> <span class='ocrx_word' id='word_1_192' title='bbox 779 3223 926 3286; x_wconf 83' lang='lat' dir='ltr'><strong>videlicet</strong></span> <span class='ocrx_word' id='word_1_193' title='bbox 940 3226 1024 3306; x_wconf 87' lang='lat' dir='ltr'><strong>quod</strong></span> 
     </span>
     <span class='ocr_line' id='line_1_30' title="bbox 89 3319 1027 3403; baseline -0.003 -19"><span class='ocrx_word' id='word_1_194' title='bbox 89 3328 324 3387; x_wconf 89' lang='lat' dir='ltr'><strong>sacramentum</strong></span> <span class='ocrx_word' id='word_1_195' title='bbox 338 3327 387 3403; x_wconf 89' lang='lat' dir='ltr'><strong>sit,</strong></span> <span class='ocrx_word' id='word_1_196' title='bbox 405 3325 500 3387; x_wconf 88' lang='lat' dir='ltr'><strong>elficit</strong></span> <span class='ocrx_word' id='word_1_197' title='bbox 513 3330 548 3386; x_wconf 89' lang='lat' dir='ltr'><strong>ut</strong></span> <span class='ocrx_word' id='word_1_198' title='bbox 562 3324 639 3384; x_wconf 91' lang='lat' dir='ltr'><strong>dum</strong></span> <span class='ocrx_word' id='word_1_199' title='bbox 656 3325 771 3383; x_wconf 86' lang='lat' dir='ltr'><strong>caetere</strong></span> <span class='ocrx_word' id='word_1_200' title='bbox 786 3319 908 3401; x_wconf 89' lang='lat' dir='ltr'><strong>judicia</strong></span> <span class='ocrx_word' id='word_1_201' title='bbox 921 3323 1027 3381; x_wconf 86' lang='lat' dir='ltr'><strong>erimi-</strong></span> 
     </span>
     <span class='ocr_line' id='line_1_31' title="bbox 90 3417 1025 3501; baseline -0.004 -23"><span class='ocrx_word' id='word_1_202' title='bbox 90 3417 334 3492; x_wconf 87' lang='lat' dir='ltr'><strong>neliaordinate</strong></span> <span class='ocrx_word' id='word_1_203' title='bbox 348 3422 410 3484; x_wconf 89' lang='lat' dir='ltr'><strong>sint</strong></span> <span class='ocrx_word' id='word_1_204' title='bbox 424 3421 465 3483; x_wconf 85' lang='lat' dir='ltr'><strong>ed</strong></span> <span class='ocrx_word' id='word_1_205' title='bbox 481 3420 676 3501; x_wconf 86' lang='lat' dir='ltr'><strong>punitionem</strong></span> <span class='ocrx_word' id='word_1_206' title='bbox 693 3419 751 3494; x_wconf 91' lang='lat' dir='ltr'><strong>rei,</strong></span> <span class='ocrx_word' id='word_1_207' title='bbox 768 3417 828 3478; x_wconf 88' lang='lat' dir='ltr'><strong>hoc</strong></span> <span class='ocrx_word' id='word_1_208' title='bbox 846 3417 1025 3478; x_wconf 84' lang='lat' dir='ltr'><strong>ordinatum</strong></span> 
     </span>
    </p>
   </div>
   <div class='ocr_carea' id='block_1_5' title="bbox 90 3512 1127 3596">
    <p class='ocr_par' dir='ltr' id='par_1_7' title="bbox 90 3512 1127 3596">
     <span class='ocr_line' id='line_1_32' title="bbox 90 3512 1127 3596; baseline -0.005 -20"><span class='ocrx_word' id='word_1_209' title='bbox 90 3515 130 3578; x_wconf 92' lang='lat' dir='ltr'><strong>sit</strong></span> <span class='ocrx_word' id='word_1_210' title='bbox 143 3515 184 3576; x_wconf 89' lang='lat' dir='ltr'><strong>ad</strong></span> <span class='ocrx_word' id='word_1_211' title='bbox 200 3515 246 3576; x_wconf 89' lang='lat' dir='ltr'><strong>rei</strong></span> <span class='ocrx_word' id='word_1_212' title='bbox 258 3516 522 3596; x_wconf 79' lang='lat' dir='ltr'><strong>justificationem,</strong></span> <span class='ocrx_word' id='word_1_213' title='bbox 540 3520 571 3578; x_wconf 89' lang='lat' dir='ltr'><strong>et</strong></span> <span class='ocrx_word' id='word_1_214' title='bbox 586 3515 714 3596; x_wconf 87' lang='lat' dir='ltr'><strong>quidem</strong></span> <span class='ocrx_word' id='word_1_215' title='bbox 729 3531 791 3574; x_wconf 95' lang='lat' dir='ltr'><strong>non</strong></span> <span class='ocrx_word' id='word_1_216' title='bbox 806 3530 924 3573; x_wconf 72' lang='lat' dir='ltr'><strong>verumv</strong></span> <span class='ocrx_word' id='word_1_217' title='bbox 932 3512 1027 3590; x_wconf 85' lang='lat' dir='ltr'><strong>justi·</strong></span> <span class='ocrx_word' id='word_1_218' title='bbox 1125 3528 1127 3539; x_wconf 90' lang='lat'>·</span> 
     </span>
    </p>
   </div>
   <div class='ocr_carea' id='block_1_6' title="bbox 90 3611 1027 3766">
    <p class='ocr_par' dir='ltr' id='par_1_8' title="bbox 90 3611 1027 3766">
     <span class='ocr_line' id='line_1_33' title="bbox 90 3611 1027 3695; baseline -0.009 -23"><span class='ocrx_word' id='word_1_219' title='bbox 90 3611 270 3676; x_wconf 86' lang='lat' dir='ltr'><strong>ficationem</strong></span> <span class='ocrx_word' id='word_1_220' title='bbox 285 3617 503 3693; x_wconf 88' lang='lat' dir='ltr'><strong>extrinsecam,</strong></span> <span class='ocrx_word' id='word_1_221' title='bbox 521 3633 584 3695; x_wconf 90' lang='lat' dir='ltr'><strong>qua</strong></span> <span class='ocrx_word' id='word_1_222' title='bbox 597 3629 669 3673; x_wconf 90' lang='lat' dir='ltr'><strong>reus</strong></span> <span class='ocrx_word' id='word_1_223' title='bbox 684 3611 834 3671; x_wconf 90' lang='lat' dir='ltr'><strong>innocens</strong></span> <span class='ocrx_word' id='word_1_224' title='bbox 853 3625 960 3667; x_wconf 87' lang='lat' dir='ltr'><strong>coram</strong></span> <span class='ocrx_word' id='word_1_225' title='bbox 974 3625 1027 3666; x_wconf 89' lang='lat' dir='ltr'><strong>so-</strong></span> 
     </span>
     <span class='ocr_line' id='line_1_34' title="bbox 198 3704 919 3766; baseline -0.006 -2"><span class='ocrx_word' id='word_1_226' title='bbox 198 3727 264 3765; x_wconf 82' lang='lat' dir='ltr'><strong>ron.</strong></span> <span class='ocrx_word' id='word_1_227' title='bbox 285 3727 316 3766; x_wconf 78' lang='grc' dir='ltr'><strong>ιι.</strong></span> <span class='ocrx_word' id='word_1_228' title='bbox 900 3704 919 3760; x_wconf 85' lang='grc'><strong>5</strong></span> 
     </span>
    </p>
   </div>
   <div class='ocr_carea' id='block_1_7' title="bbox 0 0 1226 4125">
    <p class='ocr_par' dir='ltr' id='par_1_9' title="bbox 0 0 1226 4125">
     <span class='ocr_line' id='line_1_35' title="bbox 0 0 1226 4125; baseline 0 0"><span class='ocrx_word' id='word_1_229' title='bbox 0 0 1226 4125; x_wconf 95' lang='lat' dir='ltr'><strong> </strong></span> 
     </span>
    </p>
   </div>
  </div>
 </body>
</html>
