2442 4125
322 337 362 380 nu
382 335 511 382 ortacro
530 337 614 382 rnnrs
636 335 791 384 canorum.
963 327 1019 386 287

75 479 193 539 solum
211 477 293 540 vitiis
320 479 446 540 obstare
467 479 581 558 quibus
603 480 756 558 potuisset
778 499 845 546 esse
873 480 1018 543 obnoxia.

124 576 266 636 Firmato
290 575 386 651 igitur
409 575 561 654 principio
585 575 671 654 quod
691 577 853 637 servitium
874 578 1021 638 Ecclesiae

77 672 173 728 esset
186 668 289 727 titulos
302 686 350 727 sen
369 667 446 726 ratio
467 666 659 728 ordinationis
673 668 837 746 clericalia,
854 670 1023 748 parvipen-

76 763 205 823 derunt
218 780 258 823 au
274 764 333 824 hoc
348 762 511 824 servitium
529 767 612 824 esset
622 762 689 842 jam
703 770 777 826 ante
792 765 1022 826 ordinationem

78 856 345 934 determinatum,
362 858 508 920 videlicet
525 844 646 919 certum
668 861 826 939 quoddam
850 863 881 921 et
902 879 1041 939 perma-¹

78 963 167 1021 nen's
182 953 320 1014 officium
334 972 471 1032 sacrum,
487 958 543 1016 aut
555 973 612 1034 pro
627 957 775 1019 Ecclesiae
790 957 976 1018 necessitate
992 959 1023 1017 et

79 1049 323 1128 opportunitate
338 1050 379 1110 ab
393 1051 548 1128 Episcopo
569 1054 641 1129 post
664 1053 894 1113 ordinationem
919 1053 1022 1114 deter-

78 1148 286 1222 minandum,
307 1147 478 1208 dummodo
497 1164 645 1226 congrum
666 1148 851 1210 clericorum
869 1153 1023 1211 sustenta·

78 1241 166 1301 tioni
189 1239 270 1301 foret
292 1239 485 1301 sufficienter
507 1241 681 1317 provisum,
702 1241 785 1302 unde
811 1243 916 1320 quoad
940 1242 1022 1302 hanc

78 1342 212 1412 partem
226 1331 372 1394 videlicet
386 1334 552 1414 temporalis
566 1334 810 1412 substentationis,
824 1335 1022 1413 potissimum

80 1427 294 1490 ordinationis
309 1426 435 1488 titulum
454 1427 706 1505 consideramus,
728 1429 834 1507 prouti
854 1429 953 1490 fusius
974 1431 1023 1491 di-

78 1524 201 1583 ximus.
218 1521 281 1584 Sed
296 1522 427 1602 quilibet
444 1522 553 1584 titulus
568 1527 736 1584 extraneus
754 1525 794 1584 ab
811 1523 914 1583 officio
929 1541 1020 1584 sacro

79 1619 285 1696 permanenti
299 1619 331 1678 in
345 1619 486 1679 Ecclesia
500 1619 669 1680 constituta
684 1637 740 1697 pro
748 1617 961 1678 functionibus
973 1619 1022 1676 di-

79 1714 148 1774 vini
166 1714 268 1774 cultus
282 1714 442 1776 ordinario
458 1714 622 1791 obeundis,
639 1719 790 1794 tanquam
809 1712 917 1774 titulus
937 1713 1022 1773 ordi·

82 1810 225 1873 nationis
245 1809 464 1887 subsidiarius,
488 1809 614 1872 habitus
633 1818 690 1886 est,
712 1815 744 1870 et
761 1808 816 1870 illa
829 1809 931 1870 officia
952 1813 1023 1870 tan-

80 1925 184 1985 quam
207 1905 356 1966 ordinarii
380 1906 585 1969 ordinationis
607 1906 689 1967 tituli
712 1905 819 1967 hahita
839 1909 922 1981 sunt,
948 1904 1021 1964 licet

82 2021 150 2065 uon
172 2002 284 2064 eodem
305 2006 377 2065 actu
399 2000 615 2078 ordinationis,
637 2000 692 2061 sed
712 2004 785 2061 ante
800 2001 902 2081 ipsam
917 2005 1021 2061 esseut

80 2100 211 2161 collata.
229 2100 373 2161 Officium
387 2116 511 2159 sacrum
525 2115 651 2177 semper
664 2098 814 2157 remansit
824 2098 855 2156 in
872 2098 931 2156 hoc
946 2113 1021 2156 con-

82 2199 180 2274 ceptu
195 2197 278 2275 quod
295 2196 360 2256 sit:
376 2195 507 2273 officinm
526 2212 618 2253 suern
639 2190 814 2272 peragendis
832 2191 1017 2263 destinatum,

80 2292 184 2352 ordini
197 2290 327 2350 clericali
339 2288 512 2368 respondens
526 2297 554 2347 et
567 2288 756 2348 ecclesiastico
776 2287 946 2347 anctoritate
968 2285 1017 2345 de-

83 2386 272 2445 terminatam
286 2384 317 2443 in
331 2384 432 2445 ordine
445 2383 486 2443 nd
498 2383 603 2456 iorum,
626 2392 747 2464 tempos,
768 2382 895 2460 modom,
918 2400 1017 2461 perso-

82 2498 190 2540 nas...
205 2478 246 2538 od
257 2478 489 2539 circunstantiae
504 2496 598 2537 omnes
613 2474 777 2557 sannibos
792 2485 954 2537 exercetor.

408 2678 413 2683 .
428 2640 440 2687 θ
455 2636 490 2679 11.
503 2648 532 2679 ur
547 2646 677 2679 srrcrnsus.

122 2746 220 2806 XXX.
238 2744 347 2805 Officia
360 2744 423 2805 alia
437 2738 574 2822 propria,
591 2742 654 2802 alia
676 2739 850 2818 impropria
870 2740 1018 2801 videlieet

83 2842 292 2917 temporanea
304 2845 359 2902 aut
371 2843 536 2919 perpetua.

125 2935 324 3015 Temporaneo
338 2955 408 3017 quae
423 2934 532 2996 autad
546 2939 671 3012 tempus
684 2934 890 2994 instituuntur
906 2934 961 2992 aut
975 2932 1015 2991 ad

83 3035 209 3109 tempus
233 3033 449 3096 conferuntur.
463 3032 616 3092 Dicuntur
630 3028 800 3117 improprio(
811 3026 925 3103 officia,
943 3026 1018 3105 quia

85 3145 147 3187 uon
163 3129 291 3190 firmant
307 3128 495 3208 positionem
515 3132 545 3190 et
564 3124 804 3203 occupationem
819 3140 962 3201 personae
986 3122 1018 3181 in

85 3226 244 3302 societate.
262 3227 409 3306 Perpetua
425 3245 495 3305 quae
509 3227 541 3285 iu
557 3226 744 3303 perpetuum
759 3224 832 3303 sunt
848 3220 1019 3299 constituta

86 3325 116 3381 et
138 3322 373 3399 inperpetuum
393 3323 612 3394 conferuntur3
635 3323 666 3380 et
686 3320 754 3379 hnc
772 3318 901 3396 propria
916 3318 1019 3379 officia

85 3410 316 3498 sunttauquam
326 3437 459 3479 munera
468 3418 621 3481 stabiliter
632 3414 800 3475 constituta
811 3432 881 3493 quae
891 3415 1020 3493 firmant

84 3516 201 3573 statum
216 3518 248 3575 et
262 3516 500 3594 occupationem
515 3516 710 3574 clericorum.
742 3542 743 3547 κ
