2442 4125
303 338 342 385 uu
363 336 492 385 cessero
513 335 596 382 ruam
618 332 777 381 canosrcr.
967 322 1021 383 55·

72 506 113 549 ue
136 483 290 565 angustiis
312 480 461 560 temporis
488 495 631 559 pressum
658 494 722 538 nou
748 496 842 558 posse
868 478 1009 541 delibare

72 584 165 662 plura
180 580 219 642 do
235 578 348 659 quibus
357 574 559 640 tractandum
569 573 730 651 proposui,
741 576 834 652 capta
844 574 1009 635 occasione

72 680 192 761 aliquid
207 678 247 738 de
261 677 330 738 haec
345 673 517 755 quaestione
531 668 688 747 inunum)

112 779 165 838 lx.
182 776 270 837 Licet
281 773 408 851 liturgia
422 770 531 831 stricto
545 785 640 829 sensu
650 771 782 828 vocetur
790 768 869 830 ordo
879 786 1009 847 precum

72 879 105 939 et
121 872 382 938 caeremoniarum
401 866 556 943 sacrificii,
573 869 681 927 tamur
699 865 765 927 lato
783 883 877 928 sensu
896 866 1011 929 dicitur

72 972 152 1035 ordo
165 971 263 1032 totius
276 966 378 1029 cultus
391 962 510 1044 publici
524 961 684 1025 Ecclesie.
701 962 837 1024 Proinde
854 964 1009 1045 quidquid

72 1071 196 1149 spectet
210 1067 250 1129 ed
266 1065 387 1145 praxim
406 1062 508 1123 cultus
527 1047 677 1139 religiosi,
693 1061 840 1124 videlicet
859 1064 942 1141 loce,
956 1082 1011 1125 su·

71 1166 256 1249 pellectiles,
279 1162 393 1239 cilicie,
416 1160 581 1241 imagines,
603 1176 728 1237 preces,
753 1163 962 1237 caeremouioe,
978 1165 1012 1225 et

73 1278 184 1325 omues
208 1261 279 1321 libri
303 1260 356 1339 qui
378 1274 470 1318 sacra
493 1256 616 1332 cilicia,
641 1258 861 1333 ceremonias,
886 1276 1008 1337 preces,

71 1362 152 1421 ritus
167 1356 318 1437 dirigunt,
341 1353 450 1434 quales
464 1358 538 1415 sunt
551 1354 703 1423 illocales,
721 1354 870 1431 Ritueles,
884 1356 1012 1418 Pontifi-

72 1456 179 1530 eeles,
214 1450 431 1527 Kalendariae,
468 1451 722 1531 Martyrologiae,
758 1451 1009 1531 Antiphoneric,

50 1594 52 1599 ι
72 1550 245 1626 Psalteriae,
262 1550 390 1625 Cautus,
412 1550 486 1623 etc,
508 1546 549 1609 ad
569 1548 730 1627 liturgiam
750 1548 899 1611 Ecclesia
920 1567 1010 1627 spec·

71 1652 150 1711 tunt.
169 1649 317 1710 Jamverc
331 1644 459 1723 liturgia
475 1642 535 1705 hcc
554 1661 649 1704 sensu
668 1647 810 1721 accepte,
830 1648 867 1706 ut
883 1644 1009 1721 videtis,

70 1739 160 1801 eliud
179 1757 242 1800 nou
264 1740 312 1798 est
330 1736 389 1797 uisi
407 1752 471 1797 una
490 1754 564 1814 pars
585 1735 757 1816 disciplina
777 1738 1008 1801 ecclesiasticae.

71 1835 245 1915 Disciplina
259 1834 343 1895 euim
358 1831 571 1893 ecclesiastica
581 1833 931 1915 complectiturprerim
944 1854 1011 1898 mo·

73 1951 142 1995 rum
157 1937 192 1994 et
207 1930 328 2009 praxim
341 1929 453 1989 cultus.
470 1929 554 2007 Ergo
567 1929 733 2017 ingenere
745 1931 830 1993 illius
844 1936 892 1994 est
905 1932 1012 1994 mode-

74 2030 136 2090 rari
149 2026 312 2107 liturgiam
325 2025 358 2087 in
373 2022 524 2101 Ecclesia,
540 2022 631 2104 cujus
640 2030 688 2088 est
700 2026 860 2090 moderari
874 2026 1012 2106 discipli·

74 2141 167 2196 nam3
195 2123 283 2202 atqui
306 2120 345 2182 cd
366 2120 571 2183 moderamen
595 2120 815 2184 ecclesiasticas
838 2122 1010 2200 disciplinae

75 2238 130 2281 scu
147 2219 189 2280 ad
211 2220 350 2298 regimen
368 2217 515 2279 Ecclesia
531 2217 594 2278 duo
608 2217 732 2296 gradus
747 2217 977 2298 jurisdictionis
991 2236 1011 2280 a

76 2315 199 2380 Christo
215 2314 308 2394 positi
320 2317 394 2374 sunt
410 2333 417 2374 :
434 2331 510 2391 ergo
530 2311 657 2375 illorum
672 2316 720 2376 est
733 2315 930 2394 disciplinam
942 2333 1013 2379 mo·

76 2413 200 2486 derari;
219 2413 276 2474 sed
290 2413 506 2492 unusquisque
520 2412 639 2492 gradus
651 2412 690 2478 in,
703 2414 813 2475 ordine
831 2433 901 2491 suo,
918 2417 955 2476 R.
972 2416 1008 2476 P.

74 2510 122 2570 vel
143 2508 334 2570 universitas
353 2508 572 2587 episcoporum
591 2527 663 2570 oum
682 2527 719 2570 eo
737 2509 1008 2590 independenter3

76 2603 189 2683 singuli
213 2601 350 2683 episcopi
370 2603 595 2683 dependenter,
619 2605 750 2684 proinde
770 2605 814 2666 nil
835 2605 1012 2685 possuntsi

75 2717 232 2780 suprema
247 2700 425 2762 auctoritati
438 2699 488 2760 vel
503 2701 658 2779 superiori
672 2705 869 2764 reservatum
883 2704 941 2762 est.

113 2795 318 2875 Applicemus
332 2795 414 2857 hene
427 2795 581 2858 theoriam
595 2797 777 2876 generalem
790 2796 925 2874 liturgiae
940 2795 1012 2856 ldis-

78 2908 127 2951 sae.
145 2892 290 2972 Apostoli
310 2909 367 2971 pro
388 2891 470 2952 iacta
490 2891 548 2952 sibi
570 2893 755 2954 auctoritate
776 2891 882 2970 plures
901 2907 1012 2968 preces

78 2985 126 3045 vel
138 2987 219 3047 ritus
233 2985 431 3046 tradiderunt
445 2984 667 3048 adhihendain
681 2986 786 3046 Missa.
799 2986 891 3060 Sunt,
900 2977 933 3045 v.
947 3001 1009 3064 gr,

78 3077 233 3143 invocatio
257 3083 288 3143 S.
311 3081 455 3160 Spiritus,
478 3081 585 3142 mixtio
606 3098 710 3159 aquae,
734 3078 891 3142 dominica
911 3081 1012 3143 oratio

79 3179 146 3251 post
161 3175 441 3251 consecrationem,
454 3175 563 3236 fractio
579 3175 689 3251 hostoe,
703 3181 734 3235 et
748 3175 819 3236 alia.
837 3175 927 3248 Quod
941 3193 1012 3256 pro·

79 3266 169 3330 batur
184 3287 222 3330 ex
238 3269 378 3331 omnium
391 3269 589 3350 liturgiarum
604 3270 820 3330 consensione.

117 3361 273 3423 Credibile
291 3366 396 3425 tamen
416 3379 479 3424 uon
498 3367 555 3439 est,
577 3369 608 3423 et
628 3363 727 3424 verba
745 3364 778 3422 in
798 3364 901 3442 speeie
922 3363 1014 3424 adbi-

81 3451 202 3530 bende3
227 3463 259 3519 et
280 3460 483 3520 caeremonias
504 3463 536 3519 et
553 3459 631 3519 ritus
650 3457 800 3538 speciales
815 3458 929 3538 quibus
943 3457 1012 3517 baec
1080 3483 1084 3490 ·

84 3550 241 3624 generalia
258 3556 469 3631 servarentur,
486 3571 540 3615 eos
559 3553 795 3617 determinasse.
812 3555 879 3613 lloo
897 3549 1013 3629 probe-
