2442 4125
300 330 337 376 nu
358 330 487 379 caruero
507 328 590 378 sunus
612 330 767 377 canorum.
963 314 1002 374 25

74 474 171 536 tutele
185 475 259 534 suut
272 472 330 533 sub
345 492 422 534 cura
435 478 602 551 parentum
618 472 768 553 quamdiu
783 472 843 551 ipsi
856 470 915 532 sibi
929 488 1005 550 pro-

74 566 179 629 videre
203 584 266 627 non
290 574 439 645 possunt,
465 578 497 627 et
523 572 691 646 propterea
718 572 828 629 contra
851 566 1005 647 justitiam

74 660 246 720 naturalem
261 666 343 722 esset
357 661 382 721 si
398 660 577 741 hujusmodi
593 662 681 740 pueri
697 662 803 721 invitis
821 662 1005 739 parentibus

73 753 316 830 baptizarentur.
333 756 449 815 Contra
469 772 545 816 vero
567 756 592 816 si
611 757 747 817 liberum
767 756 906 817 habeant
923 756 1005 817 arbi·

75 849 123 909 tuii
144 866 246 923 usum,
271 854 302 908 et
322 848 380 927 ipsi
402 850 462 910 sihi
480 850 600 929 possint
619 851 805 930 providere3
827 857 904 911 tunc
922 850 1007 911 enim

75 941 189 1002 debent
202 960 223 1001 a
235 942 418 1020 parentibus
433 945 604 1025 segregari,
629 951 661 1006 et
680 946 808 1006 liberari
829 945 870 1006 ub
890 944 1007 1026 injusta

76 1039 237 1103 vexatione
248 1043 279 1101 et
288 1040 404 1121 injusto
415 1041 547 1120 imperio
558 1049 589 1102 et
599 1044 697 1104 sacris
707 1042 864 1119 mysteriis
877 1042 1004 1121 initiari,

76 1153 133 1196 nee
146 1135 294 1213 baptizati
308 1140 373 1197 tam
387 1136 477 1197 facile
491 1137 675 1215 parentibus
689 1136 822 1213 restitui,
839 1156 878 1198 ne
892 1140 1007 1201 iterum

76 1230 115 1291 ob
129 1232 295 1307 paternum
309 1232 456 1293 affectum
467 1230 508 1291 ad
519 1231 728 1311 abjurandam
738 1231 923 1311 religionem
937 1252 1008 1312 pro·

76 1330 236 1386 vocentur.
252 1326 300 1385 lta
314 1326 347 1387 S.
364 1326 422 1387 Th.
439 1326 499 1387 loc.
516 1327 568 1389 cit.
588 1347 595 1388 :
617 1348 632 1384 u
647 1328 806 1400 Quantum
820 1326 861 1387 ad
880 1344 919 1388 ea
937 1344 1008 1407 quae

76 1423 149 1480 sunt
159 1418 239 1499 juris
253 1420 350 1481 divini
366 1419 415 1482 vel
430 1422 592 1499 naturalis,
609 1423 764 1501 incipiunt
775 1422 833 1483 tilii
846 1421 904 1482 sub
917 1431 1010 1501 poter·

77 1522 133 1577 tate
147 1531 226 1590 esse,
244 1522 276 1575 et
289 1515 360 1575 ideo
375 1516 504 1595 propria
518 1517 678 1579 voluntate
692 1520 824 1598 possunt
836 1515 942 1578 invitis
956 1534 1010 1595 pa·

76 1610 218 1673 rentibus
231 1611 388 1691 baptisma
401 1612 571 1691 suscipere.
590 1634 605 1673 n

118 1706 160 1767 Ut
172 1701 295 1780 videtis,
312 1708 379 1765 tote
392 1702 487 1783 hujus
502 1704 675 1785 discipline
690 1705 770 1768 ratio
783 1704 818 1766 in
835 1721 873 1767 eo
892 1703 1012 1767 consis-

76 1802 124 1877 tit,
141 1818 182 1860 ne
193 1800 288 1880 putris
301 1802 438 1880 potestati
449 1798 606 1879 deropetur
616 1820 628 1863 .·
639 1801 713 1863 iude
728 1801 871 1881 sequitur
884 1800 970 1880 quod
984 1800 1012 1862 si

47 1922 50 1926 ·
78 1898 144 1959 sine
159 1894 340 1976 hujusmodi
355 1896 542 1958 detrimento
556 1897 732 1975 baptismus
749 1896 848 1976 possit
861 1895 1009 1972 conferri,

77 1996 182 2058 liceat.
199 1998 230 2055 l⁰
246 1994 278 2056 Si
293 2000 383 2074 pater
397 1995 446 2055 val
461 1994 543 2055 filius
563 1995 723 2056 christiani
742 1994 935 2075 mancipium
952 1993 1010 2068 sit3

78 2097 108 2155 2⁰
132 2110 230 2172 quum
252 2110 271 2152 a
294 2093 476 2171 parentibus
500 2092 687 2174 projectici
711 2091 852 2153 derelicti
875 2096 958 2168 sunt,
981 2093 1014 2154 et

79 2187 231 2266 expositi3
254 2192 285 2250 3⁰
304 2189 337 2248 in
356 2188 427 2250 vitae
447 2188 604 2268 periculo;
626 2192 658 2248 t·
677 2187 763 2268 quod
777 2186 892 2248 dicitur
905 2186 945 2246 de
959 2203 1013 2266 pa·

77 2283 232 2360 rentibus,
256 2283 379 2346 dicatur
400 2281 440 2344 de
463 2284 640 2358 tutoribus;
662 2286 695 2345 5⁰
718 2282 791 2344 lieet
813 2281 839 2343 si
860 2281 1014 2342 unusual

78 2381 159 2442 alter
174 2385 340 2457 parentum
355 2379 528 2455 dissentiet,
545 2377 601 2440 sed
616 2380 696 2441 alter
709 2376 895 2454 consentiat,
911 2377 952 2438 ob
966 2375 1015 2436 ia-

76 2493 189 2539 vorem
203 2475 278 2535 fidei
293 2475 367 2555 (duc
383 2476 588 2536 attenduntur
604 2494 612 2536 ε
634 2478 773 2554 potestas
791 2473 823 2532 in
838 2471 966 2548 liberos,
982 2475 1015 2533 et

77 2571 169 2632 favor
188 2568 287 2648 fidei).
303 2573 389 2632 Avus
408 2573 558 2647 paternus
576 2574 680 2648 potest
701 2570 814 2631 offerre
835 2567 876 2628 ad
893 2565 1014 2644 baptis·

77 2684 169 2728 mum
191 2670 338 2744 nepotem
359 2668 390 2727 et
411 2669 549 2745 neptem,
568 2665 716 2727 defuncto
734 2667 824 2744 patre
843 2668 875 2724 et
892 2662 1014 2722 dueen-

77 2764 179 2826 tiente
188 2767 301 2840 matre,
314 2767 345 2826 et
354 2763 443 2824 multi
453 2768 526 2824 sunt
536 2761 590 2842 qui
602 2761 635 2822 id
644 2761 712 2822 ficri
723 2777 815 2839 posse
829 2755 1012 2838 detendunt,

78 2881 179 2944 quum
201 2862 295 2930 ambo
315 2869 462 2942 parentes
483 2861 615 2942 sospites
636 2866 760 2922 suntet
780 2858 873 2919 ambo
893 2855 1016 2917 dissen-

78 2960 174 3021 tiunt.
189 2959 266 3020 Avia
283 2965 415 3039 paterna
429 2963 543 3040 potest,
560 2958 703 3039 quamvis
717 2961 819 3016 mater
832 2955 1015 3032 tutoresque

80 3055 279 3118 dissentiant.
375 3070 379 3084 ·

120 3153 277 3232 Aliqualis
290 3154 399 3216 matris
412 3156 551 3233 potestas
564 3153 688 3214 tantuin
707 3150 830 3231 pondus
844 3149 958 3230 accipit
970 3149 1018 3210 ie-

80 3267 158 3311 vore
169 3249 256 3324 fidei,
268 3257 304 3310 ut
313 3251 419 3313 vincat
427 3250 561 3329 patriam
571 3252 759 3328 potestatem
768 3247 1014 3310 dissentientem.

80 3348 165 3410 Avia
186 3349 246 3408 suh
267 3350 476 3428 appellatione
495 3353 661 3427 parentum
683 3346 969 3425 comprehenditur,
986 3351 1018 3406 et

83 3450 212 3506 nonest
225 3463 312 3507 mere
328 3450 487 3522 extranee,
504 3462 575 3525 quae
595 3445 660 3523 agit
681 3443 722 3505 ob
740 3461 863 3504 merum
878 3441 1018 3502 favorem

83 3540 161 3602 fidei
189 3560 197 3602 ;
222 3539 311 3603 favor
334 3541 409 3602 fidei
428 3538 689 3622 jungitur-alicui
710 3538 850 3618 legitimo
872 3534 962 3594 titulo
983 3535 1019 3591 ut

175 3656 239 3696 nou.
258 3657 289 3696 11.
911 3633 928 3685 2
