2442 4125
319 310 358 355 on
378 308 507 357 canoro
527 311 610 358 rcars
632 310 789 359 eiacum.
917 268 921 273 ’
981 300 1021 361 53

81 458 173 533 lium,
194 454 308 537 quihus
327 458 431 517 certus
449 454 592 536 fixusque
614 455 793 536 assignatus
812 464 860 522 est
878 459 968 522 locus
987 459 1020 521 iu

82 556 231 621 domibus
245 556 396 633 ipsorum,
407 556 539 631 possunt
547 554 653 633 plures
664 554 803 634 qnotidie
817 556 922 620 missa
937 556 1021 621 cele·

80 654 169 716 brari
189 654 284 715 etiam
304 669 325 712 a
343 648 560 711 sacerdotibus
579 650 634 730 qui
652 666 715 711 non
736 653 811 714 sunt
829 670 867 713 er
887 653 1018 733 familia,

80 752 156 814 licet
177 750 343 829 episcopus
364 745 415 807 vel
436 745 604 807 cardinalis
623 746 722 821 absit3
745 746 874 827 quique,
896 751 1020 813 etiamsi

81 848 121 911 de
142 846 263 908 familia
284 862 346 907 non
368 844 417 921 sit,
441 842 552 903 diebus
575 842 662 904 festis
684 842 729 905 ibi
749 844 875 905 Missam
897 846 1018 925 audiat,

81 943 294 1006 ecclesiastico
317 941 475 1020 praecepto
494 937 655 999 satisfecit.
673 939 820 1019 Episcopi
838 959 925 1018 vero,
945 942 1020 1005 licet

81 1038 223 1100 habeant
236 1037 296 1098 hoe
309 1034 507 1115 privilegium
521 1050 578 1113 pro
593 1053 638 1111 se,
650 1051 715 1096 non
724 1038 933 1114 possuntaliis
943 1056 1018 1119 sup·

80 1134 237 1213 peditare.
266 1132 343 1193 Huic
371 1130 454 1191 enim
479 1128 544 1211 juri
566 1130 754 1209 derogatum
779 1136 826 1195 est
848 1153 906 1214 per
927 1136 1014 1200 'l'rid.

81 1248 157 1291 sess.
175 1233 225 1304 22,
241 1229 274 1288 in
289 1227 414 1287 decreto
429 1224 469 1285 de
484 1223 621 1285 vitandis
630 1228 663 1287 et
671 1227 877 1291 observandis
891 1231 923 1291 in
938 1232 1019 1295 cele·

80 1326 226 1389 bratione
239 1323 340 1384 Missae
354 1320 446 1400 juxta
464 1318 711 1383 declarationem
730 1325 802 1404 Ggr.
819 1327 913 1391 Gonc.
934 1330 1018 1409 epis-
1078 1348 1083 1357 ·

81 1423 169 1502 copis
195 1420 285 1499 jussu
312 1416 400 1478 Pauli
424 1418 451 1478 V
474 1416 694 1496 significatam.
721 1421 813 1483 Unde
836 1424 898 1485 hoc
921 1424 1017 1503 privi-

78 1516 197 1597 legium
218 1515 259 1575 ad
282 1530 377 1575 unam
401 1510 516 1575 Sedem
539 1515 648 1592 Apost.
672 1519 797 1595 spectet
819 1519 1015 1581 concedendi

78 1610 274 1671 facultatem.

222 1784 269 1829 111.
282 1784 313 1829 lle
324 1795 350 1828 eo
361 1782 395 1827 eni
404 1783 442 1839 jn·
453 1782 572 1838 celebrare
586 1788 608 1829 et
622 1797 665 1841 qno
676 1787 720 1831 ritn
732 1787 895 1834 celebrandum.

119 1895 201 1958 Vlll.
226 1892 313 1954 Licet
336 1906 445 1952 omnes
468 1890 649 1952 sacerdotes
673 1910 729 1953 seu
753 1896 928 1975 presbyteri
953 1899 1016 1962 sint

75 1991 185 2054 idonei
203 1986 338 2050 ministri
355 1984 499 2047 sacrificii
519 1985 729 2067 eucharistici,
745 1992 941 2075 proindeque
959 2014 1016 2057 va-

75 2089 142 2150 lide
157 2086 316 2149 cclebrent
331 2083 452 2164 quoties
466 2082 640 2160 celebrant,
651 2087 759 2146 tamen
770 2105 951 2152 nonomues
962 2092 1015 2172 jus

77 2184 200 2245 habent
215 2179 404 2244 celebrandi.
420 2179 488 2240 Nou
502 2177 616 2258 loquor
629 2179 680 2240 hic
695 2180 735 2242 de
751 2184 865 2245 morali
876 2185 1016 2266 indigni-

75 2285 144 2346 tate
159 2277 302 2354 ministri,
320 2295 383 2356 qua
393 2275 465 2356 jure
481 2274 587 2336 divino
602 2283 783 2340 removetur
801 2279 842 2342 eb
857 2280 953 2362 liujus
966 2302 1015 2346 sa·

75 2374 187 2438 criticii
203 2371 425 2448 celebratione,
441 2388 480 2432 ne
499 2388 533 2431 se
552 2370 671 2450 polluat
690 2373 854 2455 sacrilegio
878 2397 885 2438 :
907 2377 976 2441 hore
995 2398 1015 2442 a

73 2468 240 2550 theologia
253 2468 477 2530 consideratur.
500 2467 562 2528 Sed
576 2467 690 2548 loquor
704 2470 743 2531 de
758 2471 1014 2552 disciplinaribus

73 2567 227 2630 Ecclesia
243 2561 508 2643 dispositionibus,
526 2581 563 2622 ex
581 2565 695 2643 quihus
709 2565 959 2646 independenter
973 2571 1013 2632 ab

74 2662 210 2725 internis
228 2659 361 2721 ministri
383 2658 654 2738 dispositionibus,
672 2661 712 2722 ab
731 2662 823 2726 altari
841 2665 892 2726 hio
909 2682 1013 2726 remo-

74 2761 180 2820 vetur.
212 2757 291 2816 Nam
317 2756 390 2816 licet
413 2755 518 2816 valida
544 2760 816 2819 sacramentorum
843 2758 1012 2820 celebratio

74 2851 230 2914 consistat
240 2851 312 2931 jure
324 2851 441 2928 divino,
457 2851 543 2912 licite
557 2855 662 2912 tamen
677 2853 861 2914 eorumdem
875 2853 1013 2914 celebra-

73 2948 118 3009 tio
141 2947 184 3008 ab
206 2947 353 3009 Ecclesiae
375 2947 539 3027 disciplina
560 2946 655 3009 debet
676 2947 842 3009 moderari.
869 2947 916 3008 Illi
937 2965 1012 3028 ergo

75 3047 131 3126 qui
145 3044 294 3106 Ecclesiae
305 3048 455 3124 praesunt,
468 3047 500 3107 et
513 3043 571 3123 ipsi
586 3045 792 3107 moderantur
801 3051 1012 3110 sacramento·

74 3161 147 3205 rum
164 3143 478 3206 administrationem.

114 3242 318 3319 Quapropter
327 3238 392 3300 sive
401 3241 522 3302 ratione
533 3257 636 3319 poenae
647 3239 818 3317 canonica,
835 3241 901 3303 sive
916 3244 1013 3305 etiam

76 3335 144 3397 aliis
164 3333 312 3414 legitimis
331 3334 370 3396 de
391 3336 506 3412 causis,
522 3341 654 3415 possunt
671 3335 825 3415 impedire
845 3337 1012 3417 quominus

77 3429 225 3492 sacerdos
241 3428 388 3492 celebret.
406 3431 444 3492 ut
459 3428 586 3509 quidem
599 3429 710 3509 primis
728 3429 876 3492 Ecclesia
891 3433 1013 3509 tempo-

78 3525 164 3595 ribus
178 3525 297 3588 scimus
306 3526 507 3606 presbyteros
517 3526 640 3588 nonnisi
652 3526 702 3588 vel
715 3526 916 3606 permittente
930 3527 1012 3602 epis-
