2442 4125
224 313 281 373 lla
434 317 663 367 rusmromouss
684 316 766 365 rums
789 315 946 363 cauourcr.

223 469 409 533 auctoritate
423 464 577 544 superior,
594 480 633 523 ex
648 460 737 541 cujus
751 461 820 540 ipsa
838 460 1046 523 institutione
1062 482 1163 527 neces·

222 566 306 629 sario
326 563 516 638 factumest,
539 563 575 621 ut
591 557 792 620 manentibus
813 557 1019 620 naturalibus
1046 561 1163 623 relatio

223 663 317 723 nibus
330 666 456 738 patrum
469 656 651 735 ergafilios,
673 658 704 715 et
726 654 874 729 vicissim,
897 658 1013 716 tamen
1036 662 1163 735 paterna

223 757 394 820 auctoritas
408 755 491 815 facta
512 754 560 812 est
582 750 739 831 superiori
762 749 941 811 auctoritati
967 751 1121 832 subjecta
1137 754 1162 814 in

223 854 333 916 ordine
352 852 394 913 ad
416 851 536 911 bonum
559 864 738 924 commune,
767 847 808 907 ad
835 846 920 925 quod
944 849 1094 928 amplior
1116 851 1161 911 illa

223 950 357 1013 societas
372 951 455 1007 esset
468 944 685 1005 subordinate.

263 1043 498 1107 Matrimonium
532 1039 617 1119 quod
651 1038 748 1099 alium
781 1038 989 1118 subjectionis
1021 1042 1161 1103 ordinem

221 1139 400 1221 ignorabat,
426 1141 542 1217 prater
561 1134 790 1215 subjectionem
809 1137 950 1212 pateruae
967 1140 1159 1213 auctoritati,

224 1235 435 1315 acquisivitet
457 1236 571 1313 ipsum,
595 1230 767 1311 quemdam
789 1230 996 1311 subjectionis
1020 1233 1161 1296 ordinem

224 1334 266 1396 ad
279 1332 439 1411 publicam
452 1330 683 1392 auctoritatem.
696 1328 849 1391 Videlicet
858 1329 1009 1408 princeps
1021 1338 1084 1409 pro
1097 1334 1160 1412 jure

225 1434 256 1493 et
283 1430 385 1492 officio
413 1426 539 1488 tuendae
568 1428 705 1489 externa
732 1423 904 1485 honestatis
926 1424 960 1485 in
986 1428 1106 1491 ordine
1127 1429 1161 1489 ad

223 1526 319 1586 finem
333 1522 507 1585 communis
521 1520 688 1596 felicitatis,
706 1536 769 1580 non
783 1519 885 1599 potuit
894 1520 1078 1600 prohiberi,
1091 1543 1162 1604 quo-

223 1623 327 1683 minus
341 1621 480 1701 aliquam
494 1620 617 1698 partem
632 1634 695 1677 nou
709 1618 849 1678 sumeret
861 1616 894 1678 in
913 1616 1037 1679 civium
1057 1622 1162 1682 matri·

223 1733 347 1776 monus.

262 1812 328 1871 lmo
352 1808 497 1886 publicus
518 1806 596 1869 ordo
617 1807 652 1867 id
673 1806 866 1887 efflagitavit,
895 1824 968 1867 oum
991 1810 1086 1871 nulla
1107 1812 1163 1872 alia

223 1924 319 1969 causa
328 1906 465 1967 fortasse
480 1904 520 1967 sit
532 1904 617 1965 unde
633 1906 765 1967 societas
779 1904 849 1983 ipsa
862 1910 957 1985 queat
971 1908 1082 1987 magis
1097 1928 1162 1988 per-

223 2002 356 2066 turbari.
374 2002 449 2075 Quae
466 2001 590 2080 Moyses
613 2004 764 2080 tanquam
786 2000 850 2062 dux
871 2003 902 2063 et
922 2000 1093 2080 legislator
1112 2022 1161 2084 po-

222 2100 290 2182 puli
312 2100 433 2181 judaici
453 2097 649 2162 constituerit
671 2115 729 2175 pro
753 2097 916 2159 connubiis
938 2099 1159 2178 Hebraeorum,

222 2199 358 2259 vidimus
372 2196 499 2276 quando
514 2194 687 2274 agebamus
702 2192 740 2254 de
755 2193 906 2272 proludiis
916 2199 1159 2260 restaurationis

222 2291 425 2351 matrimonii.
443 2291 507 2352 Sed
520 2291 637 2368 Moysis
652 2287 829 2368 exemplum
842 2308 905 2350 non
920 2293 1027 2368 potest
1042 2293 1086 2353 ad
1095 2309 1159 2353 rem

130 2391 134 2398 '
223 2388 363 2446 nostram
377 2387 534 2464 protendi,
552 2385 683 2454 cumibi
697 2403 760 2446 non
775 2389 884 2465 ageret
898 2389 933 2447 ut
952 2386 1092 2464 simplex
1110 2407 1159 2467 po·

222 2480 325 2543 litious
339 2481 403 2540 dux
416 2483 523 2561 populi
538 2483 699 2559 hebraici,
716 2483 749 2542 in
770 2483 855 2543 viam
874 2484 1029 2544 naturalis
1053 2490 1158 2548 aucto-

221 2574 332 2652 ritatiS,
349 2575 405 2636 scd
419 2577 521 2654 potius
541 2595 580 2638 ex
594 2576 729 2655 positiva
753 2577 939 2639 auctoritate
964 2577 1027 2640 sibi
1051 2598 1072 2640 a
1097 2581 1155 2642 Deo

222 2674 315 2751 facta,
346 2691 384 2732 ex
410 2673 538 2752 speciali
559 2673 708 2734 missione
728 2691 748 2734 a
766 2675 830 2736 Deo
858 2679 999 2752 recepta,
1022 2680 1056 2739 et
1078 2679 1156 2738 esset

222 2767 367 2848 specialis
388 2766 444 2827 Dei
465 2766 629 2844 delegatus
648 2767 681 2826 in
702 2767 875 2829 theocratia
886 2767 1027 2848 judaica.

261 2863 306 2923 De
321 2859 389 2922 aliis
404 2858 583 2920 nationibus
598 2863 630 2922 et
650 2861 827 2938 praesertim
847 2861 880 2922 in
902 2863 1049 2924 Romana
1067 2883 1154 2942 repu-

221 2957 314 3035 blica,
332 2957 408 3038 quid
421 2936 591 3017 auctoritas
605 2955 733 3033 publica
747 2956 844 3018 edixit
861 2975 919 3038 pro
937 2959 1153 3022 moderamine

221 3047 451 3115 connubiorum
465 3052 585 3113 cunctis
600 3055 710 3112 notum
725 3058 782 3117 est.
800 3055 868 3114 Non
883 3053 1000 3116 definio
1016 3055 1071 3116 bio
1090 3058 1153 3118 inu·

220 3148 316 3208 tiliter
331 3168 409 3228 quos
423 3149 537 3209 limites
551 3147 671 3208 habero
685 3149 824 3226 potuerit
845 3149 1027 3230 hujusmodi
1051 3157 1152 3214 aucto

221 3241 298 3302 ritas
321 3243 381 3302 hac
403 3245 436 3303 in
459 3264 514 3318 ro3
544 3263 603 3305 nec
630 3245 762 3322 proinde
780 3247 927 3325 ‘approbo
952 3265 1102 3309 excessus
1126 3249 1154 3308 et

221 3337 338 3398 abusus
351 3339 384 3397 in
399 3359 477 3418 quos
492 3341 591 3402 civilis
604 3341 773 3402 auotoritas
787 3342 878 3422 lapsa
892 3343 942 3404 sit.
965 3346 1094 3406 Certum
1109 3347 1154 3406 est

221 3434 304 3512 quod
321 3433 423 3512 ipsum
437 3437 555 3498 factum
568 3455 626 3498 nos
642 3439 743 3515 docet,
760 3439 846 3516 quod
865 3439 919 3501 ubi
939 3440 1002 3500 alia
1020 3441 1154 3503 auctori·

220 3533 268 3586 tas
290 3528 324 3586 in
347 3529 450 3604 specio
474 3531 643 3591 constituta
661 3548 723 3592 uon
740 3532 796 3610 sit,
818 3533 935 3596 debent
952 3535 1154 3599 matrimonia
