2442 4125
309 365 347 416 nn
369 369 499 418 onlnem
519 370 601 418 runis
623 368 778 418 canonici.
951 355 1007 418 all

413 541 633 597 DISSERTATlO
651 543 684 597 ll.

65 699 100 737 DE
119 697 212 738 REBUS
232 697 433 738 seminamus
447 697 587 738 occulens
600 697 636 738 AD
649 698 810 738 unctam!
821 698 889 739 VM
909 699 1008 740 SUPER·

298 783 462 839 aaronem,
476 785 525 826 SEU
540 785 607 824 vm
620 785 795 828 cummunis.

105 921 171 982 Res
186 921 340 982 Ecclesia
363 920 539 1000 spirituales
552 921 602 983 sel
623 921 808 983 ordinantur
820 921 861 982 ad
882 921 1007 1002 impen-

66 1013 209 1074 dendam
226 1013 323 1074 vitam
337 1013 539 1098 spiritualem,
555 1015 605 1077 vel
620 1014 662 1076 ad
676 1031 747 1074 eam
761 1015 980 1078 exercendam.

104 1109 154 1168 De
175 1108 311 1187 jejuniis
337 1108 531 1186 loquendum
554 1109 635 1170 inter
657 1127 753 1194 opera
767 1111 1006 1190 poenitentialia,

67 1222 140 1264 cum
165 1220 275 1264 sermo
304 1205 352 1264 eet
374 1203 414 1263 de
443 1209 638 1264 sacramento
660 1203 866 1282 Poenitentite,
892 1207 942 1268 vel
966 1209 1007 1268 dc

66 1299 163 1359 rebus
181 1299 337 1360 ordinatis
352 1299 392 1361 ad
406 1299 589 1360 charitatem
605 1297 638 1358 in
651 1315 686 1360 se
700 1302 919 1363 exercendam.

107 1395 179 1456 Vita
202 1413 269 1474 qua
293 1395 432 1456 Ecclesia
454 1387 510 1454 Dei
533 1393 811 1472 supernaturaliter
834 1398 919 1470 vivit,
944 1399 1007 1461 vita

71 1489 247 1567 spiritualis
262 1495 319 1565 eet,
336 1495 366 1549 et
381 1489 533 1566 eharitas;
549 1489 632 1549 Deus
646 1489 731 1550 enim
745 1487 880 1548 charitas
894 1495 952 1562 est,
976 1496 1007 1549 et

71 1586 122 1661 qui
136 1591 251 1646 manet
265 1585 297 1645 in
312 1585 463 1646 charitate
477 1583 511 1643 in
524 1584 588 1644 Deo
603 1588 720 1654 manet,
742 1587 774 1642 et
793 1582 878 1641 Deus
898 1580 929 1640 in
953 1599 1003 1644 co.

70 1670 150 1754 Ergo
166 1697 221 1738 res
240 1695 348 1737 omnes
364 1694 433 1754 que
448 1677 489 1737 ad
509 1678 716 1738 exercendam
733 1675 915 1738 charitatem
933 1693 990 1755 per

72 1771 183 1850 tinent,
211 1775 290 1834 sunt
304 1790 355 1833 res
379 1772 566 1850 spirituales,
581 1789 652 1850 quae
676 1772 716 1833 ad
730 1771 914 1835 exercitium
936 1773 1006 1835 vitoe

72 1865 256 1929 christianes
271 1867 422 1929 ordinater
443 1873 526 1928 sunt.
540 1869 687 1930 Jamvero
707 1868 820 1946 triplex
840 1873 887 1928 est
908 1868 1007 1928 chari·

74 1960 141 2020 tatis
156 1963 337 2040 objectum:
352 1966 381 2023 l⁰
395 1964 489 2038 Deus,
509 1967 540 2022 2⁰
554 1962 775 2040 Unusquisque
794 1961 863 2038 eibi,
880 1965 912 2022 3⁰
929 1962 1006 2023 Pro-

74 2057 184 2120 ximus.
201 2062 288 2140 Ergo
302 2078 354 2121 ree
368 2059 544 2137 spirituales
558 2075 628 2137 quee
639 2057 678 2118 ad
693 2057 900 2117 exercendam
912 2057 1007 2118 vitam

75 2150 280 2214 christianam
289 2152 438 2215 ordinatae
449 2159 531 2225 sunt
540 2153 573 2213 in
583 2150 644 2213 tria
653 2150 1005 2236 capitadistinguentur.

114 2248 163 2307 lm
187 2250 291 2326 Caput
305 2249 362 2309 erit
383 2250 421 2309 de
443 2249 537 2309 rebus
560 2247 712 2309 ordinatis
734 2246 775 2308 ad
798 2247 1006 2309 exercendam

77 2342 285 2407 charitatem
277 2364 309 2404 m
325 2328 436 2407 Deum.

114 2440 163 2497 ΞΜ
178 2442 228 2501 De
252 2440 344 2501 rebus
360 2438 508 2501 ordinatis
531 2437 572 2501 ad
591 2441 796 2503 exercendam
819 2393 1003 2504 charitatem

79 2536 150 2607 erga
164 2536 381 2614 semetipsum.

115 2630 165 2687 3⁰³¹
178 2632 224 2694 De
248 2632 344 2693 rebus
359 2631 508 2694 ordinatis
531 2632 571 2694 ad
594 2631 800 2694 exercendam
821 2633 1004 2695 charitatem

81 2740 149 2803 erga
163 2730 343 2808 proximum
357 2732 509 2792 nostrum.

412 2915 517 2966 CAPUT
533 2914 673 2966 PRlMUM.

110 3034 240 3083 Billienus
258 3043 401 3083 oanlnerls
417 3046 454 3083 AD
470 3044 647 3084 exsectione!
664 3041 830 3083 cucumam
848 3042 877 3082 ln
895 3040 978 3081 DRU!

117 3167 139 3229 l.
161 3155 382 3238 Charitatem
374 3195 405 3237 m
429 3179 528 3239 Deum
551 3195 732 3240 exercemus
753 3177 917 3257 religione,
942 3196 1004 3256 qua

80 3254 193 3325 virtute
211 3268 393 3331 ordinamur
406 3270 448 3331 ad
469 3270 570 3332 Deum
585 3278 620 3332 ut
642 3272 729 3332 illum
744 3271 850 3333 debito
872 3274 1001 3347 honore,

82 3348 180 3419 debito
203 3367 298 3439 cultu,
327 3373 478 3446 tanquam
501 3374 642 3429 nostrum
664 3368 799 3445 primum
814 3368 1003 3448 principium

82 3454 110 3508 et
129 3455 269 3522 ultimum
290 3464 386 3525 linem
407 3482 647 3543 prosequamur.
673 3466 754 3545 Engo
778 3465 932 3544 quidquid
956 3476 1003 3526 est

82 3542 110 3604 in
122 3548 255 3621 Ecclesia
269 3562 309 3621 ad
323 3562 462 3624 divinum
477 3564 594 3625 cultum
618 3564 746 3641 directo,
763 3572 795 3627 et
817 3564 1002 3625 immediate

166 3662 228 3706 rore.
248 3670 278 3710 11.
885 3660 916 3709 ¹4
