2442 4125
180 343 241 402 alc
389 351 618 399 rrsrrrurrcras
639 351 721 397 roms
743 351 899 398 osuourcr.

181 498 321 563 Ecclesia
339 497 437 560 latina
460 518 467 559 t
492 497 577 560 diem
590 501 660 560 40³⁶·
680 502 808 560 servant
832 500 941 561 Graeci.
964 501 1126 564 Rationes

181 596 322 675 mystica
336 594 451 656 horum
464 612 668 658 numerorum
682 599 813 674 possunt
828 595 928 658 videri
938 597 1028 676 apud
1038 601 1127 660 Pon·

180 694 270 770 tium,
287 691 417 753 ibidem.

199 856 204 865 ,
221 787 377 850 Praeterea
390 787 604 849 anniversaria
618 787 817 874 celebrantur
830 787 895 849 sive
910 805 968 867 pro
984 790 1125 870 singulis

181 885 246 946 sive
261 903 319 964 pro
335 884 482 946 omnibus
496 881 663 959 defunctis,
680 883 746 944 sive
760 900 817 962 pro
827 883 959 963 integris
973 883 1124 962 familiis,

180 979 487 1060 congregationibus,
504 978 678 1054 ordinibus,
695 995 758 1038 nou
773 977 839 1039 sine
863 997 987 1041 summo
1010 1000 1126 1042 exem-

180 1077 232 1157 plo
247 1076 408 1138 charitatis
422 1074 580 1152 Ecclesiae,
597 1091 667 1154 quae
689 1092 753 1134 uua
767 1090 840 1134 cum
854 1075 1013 1156 suffragiis
1036 1094 1126 1139 mor·

179 1176 306 1235 tucrum
320 1170 484 1251 conjungit
503 1169 616 1231 solatia
634 1169 789 1231 vivorum.

415 1344 428 1389 g
444 1337 477 1382 11.
492 1351 521 1383 cn
535 1350 677 1384 susurronis
691 1349 880 1384 accursrlsrrcrs.

219 1448 328 1512 XVlll.
344 1449 423 1510 Gom
435 1447 549 1527 triplex
563 1448 604 1509 sit
618 1431 765 1510 Ecclesia
780 1447 959 1509 christianae
984 1452 1096 1512 status
1112 1471 1119 1510 :

178 1550 235 1609 aut
257 1546 341 1607 enim
363 1544 477 1607 militat
498 1543 530 1604 iu
552 1545 656 1621 terris,
681 1547 735 1606 aut
757 1549 980 1622 temporeneas
1003 1564 1121 1624 poenas

178 1643 237 1704 luit
263 1642 296 1704 in
323 1640 500 1721 pagatcric‚
530 1643 685 1701 autrum
716 1639 839 1702 Ghristo
875 1640 1055 1720 triumphat
1086 1643 1118 1702 in

179 1737 278 1814 coelis,
304 1755 405 1813 mors,
432 1735 523 1815 juxta
550 1753 649 1796 suum·
666 1740 852 1814 conceptum
875 1735 1117 1815 dogmaticum,

179 1851 242 1894 non
265 1830 484 1893 consideratur
506 1832 539 1891 in
562 1831 703 1892 Ecclesia
725 1833 877 1910 tauquam
903 1831 1119 1894 intortunium

179 1929 264 2010 quod
277 1929 317 1990 de
331 1946 365 1989 se
388 1929 549 1989 homiuem
571 1933 719 2012 segreget
732 1927 773 1988 ab
798 1928 1015 1992 ecclesiastica
1032 1948 1119 1992 com-

177 2024 337 2102 muuione,
354 2023 446 2087 sicuti
460 2042 523 2086 non
541 2027 689 2104 segregat
703 2026 735 2085 et
748 2042 768 2085 a
782 2025 1004 2087 communione
1024 2044 1117 2090 sanc-

177 2128 292 2199 torum,
308 2122 364 2183 sed
383 2122 486 2183 solum
507 2120 724 2183 consideratur
737 2124 889 2201 tauquam
912 2126 1068 2201 perpetua
1084 2129 1117 2187 et

177 2217 391 2280 irrevocabilis
413 2217 570 2297 separatio
594 2216 635 2277 ab
662 2216 812 2293 Ecclesia,
839 2218 965 2297 quaudo
993 2221 1117 2297 reperit

161 2311 337 2391 ,hominem
350 2315 383 2372 et
405 2309 617 2373 obtruncatio
641 2312 725 2370 statu
739 2310 860 2388 peccati
877 2329 884 2371 :
902 2308 986 2370 unde
1010 2310 1115 2390 ipseo

177 2407 357 2466 sanctorum
377 2405 526 2466 societate
548 2404 588 2465 ab
608 2405 716 2466 ultimo
739 2403 802 2465 fine
832 2408 985 2483 perpetuo
1007 2406 1113 2467 exclu-

178 2500 273 2561 ditur.

215 2597 288 2657 lam
300 2612 376 2657 vero
390 2593 537 2656 Ecclesiae
552 2612 616 2655 non
637 2594 796 2656 revelatur
810 2615 830 2657 a
843 2597 908 2657 Deo
930 2594 1032 2675 qualis
1046 2594 1111 2657 ista

176 2708 262 2753 mors
275 2689 369 2752 fuerit
382 2690 414 2750 in
436 2690 598 2752 individuo
612 2711 619 2765 ;
636 2691 693 2751 sed
708 2708 771 2751 nou
785 2691 856 2753 ideo
873 2693 987 2754 desunt
1001 2692 1112 2753 Eccle-

177 2791 232 2852 siae
245 2787 507 2868 praeumptioues
522 2787 606 2850 uude
626 2787 726 2867 possit
738 2788 849 2851 mortis
863 2789 1048 2869 qualitatem
1061 2806 1112 2851 ar·

176 2904 284 2966 gnere.
301 2887 444 2963 Namque
459 2901 496 2943 ex
511 2901 549 2943 eo
565 2883 719 2962 principio
734 2885 819 2964 quod
839 2889 977 2964 nequeat
990 2883 1111 2946 habere

177 2985 276 3043 Deum
291 2983 427 3057 Patrem,
444 2978 496 3060 qui
512 2997 575 3041 ncn
590 2980 688 3041 habet
701 2980 874 3041 Ecclesiam
888 2980 1034 3057 Matrem,
1050 2999 1111 3044 nec

175 3076 356 3139 societatem
370 3093 443 3137 cum
463 3078 540 3151 Deo,
563 3075 617 3155 qui
639 3075 894 3137 communionem
915 3092 979 3137 nou
1002 3084 1112 3140 servat

176 3188 248 3231 cum
269 3171 429 3246 Ecclesia,
452 3173 518 3232 toto
539 3169 612 3250 jure
636 3174 668 3233 et
688 3171 917 3233 rationabiliter
942 3173 1108 3250 praesumit

176 3268 261 3347 qood
275 3270 329 3348 qui
356 3274 444 3331 ext-ra
464 3268 612 3329 Ecclesiae
636 3268 891 3331 communionem
914 3268 1109 3334 exhalaverit

175 3361 324 3437 animam,
337 3363 494 3442 justorum
508 3367 643 3426 mortem
657 3366 805 3444 appetere
820 3380 883 3426 non
897 3362 1044 3443 potuerit.
1061 3366 1107 3427 Si·

175 3453 289 3511 militer
302 3458 333 3511 et
347 3473 400 3516 ecs
414 3458 468 3534 qui
482 3456 555 3520 licet
569 3458 609 3519 ab
624 3458 771 3521 Ecclesia
794 3458 864 3519 sicu
888 3475 951 3520 nou
973 3459 1101 3538 exclusi,
1219 3522 1220 3527 ,

177 3547 284 3605 tamen
298 3550 406 3607 contra
418 3550 566 3613 Ecclesia
587 3553 647 3632 piae
668 3554 778 3617 matris
800 3554 931 3632 monita,
948 3558 1104 3635 praeceptn
