<?xml version="1.0" encoding="UTF-8"?>
<!DOCTYPE html PUBLIC "-//W3C//DTD XHTML 1.0 Transitional//EN"
    "http://www.w3.org/TR/xhtml1/DTD/xhtml1-transitional.dtd">
<html xmlns="http://www.w3.org/1999/xhtml" xml:lang="en" lang="en">
 <head>
  <title>
</title>
<meta http-equiv="Content-Type" content="text/html;charset=utf-8" />
  <meta name='ocr-system' content='tesseract 3.04.00' />
  <meta name='ocr-capabilities' content='ocr_page ocr_carea ocr_par ocr_line ocrx_word'/>
</head>
<body>
  <div class='ocr_page' id='page_1' title='image "./institutionesju04marigoog_0112.png"; bbox 0 0 2442 4125; ppageno 0'>
   <div class='ocr_carea' id='block_1_1' title="bbox 196 330 917 390">
    <p class='ocr_par' dir='ltr' id='par_1_1' title="bbox 196 330 917 390">
     <span class='ocr_line' id='line_1_1' title="bbox 196 330 917 390; baseline -0.012 0"><span class='ocrx_word' id='word_1_1' title='bbox 196 330 253 390; x_wconf 69' lang='lat' dir='ltr'><strong>Idi</strong></span> <span class='ocrx_word' id='word_1_2' title='bbox 404 336 634 384; x_wconf 80' lang='lat' dir='ltr'><strong>rusrrrurrorrss</strong></span> <span class='ocrx_word' id='word_1_3' title='bbox 655 336 737 383; x_wconf 81' lang='lat' dir='ltr'><strong>rums</strong></span> <span class='ocrx_word' id='word_1_4' title='bbox 759 336 917 383; x_wconf 74' lang='lat' dir='ltr'><strong>eruemur.</strong></span> 
     </span>
    </p>
   </div>
   <div class='ocr_carea' id='block_1_2' title="bbox 194 478 1136 759">
    <p class='ocr_par' dir='ltr' id='par_1_2' title="bbox 194 478 1136 759">
     <span class='ocr_line' id='line_1_2' title="bbox 195 478 1136 563; baseline -0.007 -14"><span class='ocrx_word' id='word_1_5' title='bbox 195 491 261 563; x_wconf 87' lang='lat' dir='ltr'><strong>est,</strong></span> <span class='ocrx_word' id='word_1_6' title='bbox 286 483 338 545; x_wconf 84' lang='lat' dir='ltr'><strong>vel</strong></span> <span class='ocrx_word' id='word_1_7' title='bbox 358 481 579 560; x_wconf 86' lang='lat' dir='ltr'><strong>apocryphum</strong></span> <span class='ocrx_word' id='word_1_8' title='bbox 598 479 650 541; x_wconf 86' lang='lat' dir='ltr'><strong>vel</strong></span> <span class='ocrx_word' id='word_1_9' title='bbox 671 478 814 540; x_wconf 84' lang='lat' dir='ltr'><strong>viiiatum</strong></span> <span class='ocrx_word' id='word_1_10' title='bbox 835 484 893 543; x_wconf 90' lang='lat' dir='ltr'><strong>est.</strong></span> <span class='ocrx_word' id='word_1_11' title='bbox 917 481 975 543; x_wconf 83' lang='lat' dir='ltr'><strong>Vel</strong></span> <span class='ocrx_word' id='word_1_12' title='bbox 995 496 1136 559; x_wconf 85' lang='lat' dir='ltr'><strong>apocry-</strong></span> 
     </span>
     <span class='ocr_line' id='line_1_3' title="bbox 194 576 1135 664; baseline -0.005 -20"><span class='ocrx_word' id='word_1_13' title='bbox 194 584 321 664; x_wconf 91' lang='lat' dir='ltr'><strong>phum:</strong></span> <span class='ocrx_word' id='word_1_14' title='bbox 345 596 443 661; x_wconf 86' lang='lat' dir='ltr'><strong>quum</strong></span> <span class='ocrx_word' id='word_1_15' title='bbox 465 579 498 639; x_wconf 86' lang='lat' dir='ltr'><strong>S.</strong></span> <span class='ocrx_word' id='word_1_16' title='bbox 528 576 677 655; x_wconf 80' lang='lat' dir='ltr'><strong>(Igrgetio</strong></span> <span class='ocrx_word' id='word_1_17' title='bbox 698 579 792 638; x_wconf 85' lang='lat' dir='ltr'><strong>Cone.</strong></span> <span class='ocrx_word' id='word_1_18' title='bbox 818 577 917 639; x_wconf 88' lang='lat' dir='ltr'><strong>voluit</strong></span> <span class='ocrx_word' id='word_1_19' title='bbox 936 579 1135 657; x_wconf 80' lang='lat' dir='ltr'><strong>suspendere</strong></span> 
     </span>
     <span class='ocr_line' id='line_1_4' title="bbox 194 671 1135 759; baseline -0.006 -20"><span class='ocrx_word' id='word_1_20' title='bbox 194 677 341 759; x_wconf 75' lang='lat' dir='ltr'><strong>quadam</strong></span> <span class='ocrx_word' id='word_1_21' title='bbox 354 673 521 755; x_wconf 81' lang='lat' dir='ltr'><strong>privilegia</strong></span> <span class='ocrx_word' id='word_1_22' title='bbox 535 691 605 752; x_wconf 85' lang='lat' dir='ltr'><strong>quae</strong></span> <span class='ocrx_word' id='word_1_23' title='bbox 619 672 652 732; x_wconf 93' lang='lat' dir='ltr'><strong>in</strong></span> <span class='ocrx_word' id='word_1_24' title='bbox 667 689 705 733; x_wconf 85' lang='lat' dir='ltr'><strong>ea</strong></span> <span class='ocrx_word' id='word_1_25' title='bbox 725 673 812 733; x_wconf 91' lang='lat' dir='ltr'><strong>buIIa</strong></span> <span class='ocrx_word' id='word_1_26' title='bbox 829 671 1011 736; x_wconf 87' lang='lat' dir='ltr'><strong>referuntur</strong></span> <span class='ocrx_word' id='word_1_27' title='bbox 1033 674 1135 735; x_wconf 88' lang='lat' dir='ltr'><strong>donee</strong></span> 
     </span>
    </p>
   </div>
   <div class='ocr_carea' id='block_1_3' title="bbox 191 769 1136 1994">
    <p class='ocr_par' dir='ltr' id='par_1_3' title="bbox 191 769 1136 1617">
     <span class='ocr_line' id='line_1_5' title="bbox 194 769 1136 849; baseline -0.005 -14"><span class='ocrx_word' id='word_1_28' title='bbox 194 774 351 835; x_wconf 91' lang='lat' dir='ltr'><strong>indultum</strong></span> <span class='ocrx_word' id='word_1_29' title='bbox 364 769 583 834; x_wconf 90' lang='lat' dir='ltr'><strong>authenticum</strong></span> <span class='ocrx_word' id='word_1_30' title='bbox 597 786 635 829; x_wconf 88' lang='lat' dir='ltr'><strong>ex</strong></span> <span class='ocrx_word' id='word_1_31' title='bbox 649 769 778 831; x_wconf 87' lang='lat' dir='ltr'><strong>archivo</strong></span> <span class='ocrx_word' id='word_1_32' title='bbox 794 770 966 849; x_wconf 84' lang='lat' dir='ltr'><strong>apostoIIco</strong></span> <span class='ocrx_word' id='word_1_33' title='bbox 982 770 1136 847; x_wconf 90' lang='lat' dir='ltr'><strong>desump-</strong></span> 
     </span>
     <span class='ocr_line' id='line_1_6' title="bbox 193 865 1134 945; baseline -0.007 -13"><span class='ocrx_word' id='word_1_34' title='bbox 193 875 261 933; x_wconf 89' lang='lat' dir='ltr'><strong>tum</strong></span> <span class='ocrx_word' id='word_1_35' title='bbox 276 887 339 930; x_wconf 93' lang='lat' dir='ltr'><strong>non</strong></span> <span class='ocrx_word' id='word_1_36' title='bbox 354 867 567 942; x_wconf 80' lang='lat' dir='ltr'>exhiberetur,</span> <span class='ocrx_word' id='word_1_37' title='bbox 583 865 821 945; x_wconf 88' lang='lat' dir='ltr'><strong>hocnunquam</strong></span> <span class='ocrx_word' id='word_1_38' title='bbox 839 870 1002 928; x_wconf 88' lang='lat' dir='ltr'><strong>ostensum</strong></span> <span class='ocrx_word' id='word_1_39' title='bbox 1023 870 1088 941; x_wconf 90' lang='lat' dir='ltr'><strong>est,</strong></span> <span class='ocrx_word' id='word_1_40' title='bbox 1104 868 1134 925; x_wconf 90' lang='lat' dir='ltr'><strong>ut</strong></span> 
     </span>
     <span class='ocr_line' id='line_1_7' title="bbox 194 960 1133 1041; baseline -0.009 -14"><span class='ocrx_word' id='word_1_41' title='bbox 194 966 292 1027; x_wconf 85' lang='lat' dir='ltr'><strong>fusius</strong></span> <span class='ocrx_word' id='word_1_42' title='bbox 314 965 451 1026; x_wconf 85' lang='lat' dir='ltr'><strong>refertur</strong></span> <span class='ocrx_word' id='word_1_43' title='bbox 471 962 504 1022; x_wconf 91' lang='lat' dir='ltr'><strong>in</strong></span> <span class='ocrx_word' id='word_1_44' title='bbox 524 961 658 1041; x_wconf 88' lang='lat' dir='ltr'><strong>epistola</strong></span> <span class='ocrx_word' id='word_1_45' title='bbox 685 960 827 1041; x_wconf 88' lang='lat' dir='ltr'><strong>ejusdem</strong></span> <span class='ocrx_word' id='word_1_46' title='bbox 857 962 1065 1041; x_wconf 82' lang='lat' dir='ltr'><strong>Ggrgationis</strong></span> <span class='ocrx_word' id='word_1_47' title='bbox 1097 960 1133 1020; x_wconf 89' lang='lat' dir='ltr'><strong>ad</strong></span> 
     </span>
     <span class='ocr_line' id='line_1_8' title="bbox 194 1057 1133 1139; baseline -0.007 -17"><span class='ocrx_word' id='word_1_48' title='bbox 194 1078 303 1123; x_wconf 91' lang='lat' dir='ltr'><strong>omnes</strong></span> <span class='ocrx_word' id='word_1_49' title='bbox 322 1060 464 1120; x_wconf 93' lang='lat' dir='ltr'><strong>Iocorum</strong></span> <span class='ocrx_word' id='word_1_50' title='bbox 478 1058 654 1119; x_wconf 88' lang='lat' dir='ltr'><strong>ordinarios</strong></span> <span class='ocrx_word' id='word_1_51' title='bbox 669 1058 716 1139; x_wconf 76' lang='lat'><strong>(31</strong></span> <span class='ocrx_word' id='word_1_52' title='bbox 734 1077 813 1121; x_wconf 90' lang='lat' dir='ltr'><strong>mar.</strong></span> <span class='ocrx_word' id='word_1_53' title='bbox 837 1058 939 1137; x_wconf 73' lang='lat'>1744).</span> <span class='ocrx_word' id='word_1_54' title='bbox 962 1059 1022 1121; x_wconf 85' lang='lat' dir='ltr'><strong>Vel</strong></span> <span class='ocrx_word' id='word_1_55' title='bbox 1044 1057 1133 1120; x_wconf 86' lang='lat' dir='ltr'><strong>vitia-</strong></span> 
     </span>
     <span class='ocr_line' id='line_1_9' title="bbox 192 1152 1132 1233; baseline -0.011 -14"><span class='ocrx_word' id='word_1_56' title='bbox 192 1163 262 1219; x_wconf 91' lang='lat' dir='ltr'><strong>tum</strong></span> <span class='ocrx_word' id='word_1_57' title='bbox 284 1175 291 1216; x_wconf 76' lang='grc' dir='ltr'><strong>ε</strong></span> <span class='ocrx_word' id='word_1_58' title='bbox 316 1154 417 1233; x_wconf 91' lang='lat' dir='ltr'><strong>potuit</strong></span> <span class='ocrx_word' id='word_1_59' title='bbox 437 1153 522 1214; x_wconf 92' lang='lat' dir='ltr'><strong>enim</strong></span> <span class='ocrx_word' id='word_1_60' title='bbox 543 1154 584 1215; x_wconf 88' lang='lat' dir='ltr'><strong>ab</strong></span> <span class='ocrx_word' id='word_1_61' title='bbox 605 1157 769 1215; x_wconf 84' lang='lat' dir='ltr'><strong>extensore</strong></span> <span class='ocrx_word' id='word_1_62' title='bbox 791 1153 874 1214; x_wconf 86' lang='lat' dir='ltr'><strong>iIIius</strong></span> <span class='ocrx_word' id='word_1_63' title='bbox 896 1152 1132 1217; x_wconf 74' lang='lat' dir='ltr'><strong>constitutionis</strong></span> 
     </span>
     <span class='ocr_line' id='line_1_10' title="bbox 193 1248 1132 1328; baseline -0.005 -16"><span class='ocrx_word' id='word_1_64' title='bbox 193 1251 244 1313; x_wconf 86' lang='lat' dir='ltr'><strong>vel</strong></span> <span class='ocrx_word' id='word_1_65' title='bbox 257 1250 298 1309; x_wconf 93' lang='lat' dir='ltr'><strong>ab</strong></span> <span class='ocrx_word' id='word_1_66' title='bbox 312 1250 497 1310; x_wconf 81' lang='lat' dir='ltr'><strong>amanuensi</strong></span> <span class='ocrx_word' id='word_1_67' title='bbox 510 1268 549 1310; x_wconf 83' lang='lat' dir='ltr'><strong>ex</strong></span> <span class='ocrx_word' id='word_1_68' title='bbox 568 1268 674 1311; x_wconf 91' lang='lat' dir='ltr'><strong>errore</strong></span> <span class='ocrx_word' id='word_1_69' title='bbox 695 1249 780 1328; x_wconf 88' lang='lat' dir='ltr'><strong>quod</strong></span> <span class='ocrx_word' id='word_1_70' title='bbox 799 1250 838 1310; x_wconf 92' lang='lat' dir='ltr'><strong>de</strong></span> <span class='ocrx_word' id='word_1_71' title='bbox 858 1249 1065 1310; x_wconf 80' lang='lat' dir='ltr'><strong>subdiaconis</strong></span> <span class='ocrx_word' id='word_1_72' title='bbox 1088 1248 1132 1308; x_wconf 94' lang='lat' dir='ltr'><strong>in-</strong></span> 
     </span>
     <span class='ocr_line' id='line_1_11' title="bbox 193 1343 1129 1427; baseline -0.009 -18"><span class='ocrx_word' id='word_1_73' title='bbox 193 1348 384 1427; x_wconf 84' lang='lat' dir='ltr'><strong>dulgebatur</strong></span> <span class='ocrx_word' id='word_1_74' title='bbox 398 1346 494 1406; x_wconf 86' lang='lat' dir='ltr'><strong>etiam</strong></span> <span class='ocrx_word' id='word_1_75' title='bbox 508 1345 549 1404; x_wconf 91' lang='lat' dir='ltr'><strong>ad</strong></span> <span class='ocrx_word' id='word_1_76' title='bbox 564 1346 713 1407; x_wconf 88' lang='lat' dir='ltr'><strong>diaconos</strong></span> <span class='ocrx_word' id='word_1_77' title='bbox 727 1344 878 1423; x_wconf 84' lang='lat' dir='ltr'><strong>proferre.</strong></span> <span class='ocrx_word' id='word_1_78' title='bbox 896 1345 1018 1407; x_wconf 88' lang='lat' dir='ltr'><strong>Saltem</strong></span> <span class='ocrx_word' id='word_1_79' title='bbox 1034 1362 1090 1405; x_wconf 88' lang='lat' dir='ltr'><strong>res</strong></span> <span class='ocrx_word' id='word_1_80' title='bbox 1102 1343 1129 1403; x_wconf 89' lang='lat' dir='ltr'><strong>iu</strong></span> 
     </span>
     <span class='ocr_line' id='line_1_12' title="bbox 194 1440 1131 1521; baseline -0.007 -16"><span class='ocrx_word' id='word_1_81' title='bbox 194 1443 289 1505; x_wconf 90' lang='lat' dir='ltr'><strong>dubio</strong></span> <span class='ocrx_word' id='word_1_82' title='bbox 305 1441 409 1521; x_wconf 86' lang='lat' dir='ltr'><strong>posits</strong></span> <span class='ocrx_word' id='word_1_83' title='bbox 423 1444 482 1518; x_wconf 92' lang='lat' dir='ltr'><strong>est,</strong></span> <span class='ocrx_word' id='word_1_84' title='bbox 499 1443 530 1502; x_wconf 90' lang='lat' dir='ltr'><strong>et</strong></span> <span class='ocrx_word' id='word_1_85' title='bbox 544 1458 582 1499; x_wconf 81' lang='lat' dir='ltr'><strong>ex</strong></span> <span class='ocrx_word' id='word_1_86' title='bbox 596 1441 666 1520; x_wconf 91' lang='lat' dir='ltr'><strong>ipsa</strong></span> <span class='ocrx_word' id='word_1_87' title='bbox 678 1442 806 1504; x_wconf 87' lang='lat' dir='ltr'><strong>raritate</strong></span> <span class='ocrx_word' id='word_1_88' title='bbox 820 1440 1048 1519; x_wconf 88' lang='lat' dir='ltr'><strong>concessionis,</strong></span> <span class='ocrx_word' id='word_1_89' title='bbox 1071 1440 1131 1501; x_wconf 92' lang='lat' dir='ltr'><strong>sin·</strong></span> 
     </span>
     <span class='ocr_line' id='line_1_13' title="bbox 191 1534 924 1617; baseline -0.004 -19"><span class='ocrx_word' id='word_1_90' title='bbox 191 1537 372 1617; x_wconf 80' lang='lat' dir='ltr'><strong>galeritate,</strong></span> <span class='ocrx_word' id='word_1_91' title='bbox 388 1535 540 1596; x_wconf 87' lang='lat' dir='ltr'><strong>debemus</strong></span> <span class='ocrx_word' id='word_1_92' title='bbox 552 1552 745 1614; x_wconf 86' lang='lat' dir='ltr'><strong>praesumere</strong></span> <span class='ocrx_word' id='word_1_93' title='bbox 756 1534 924 1597; x_wconf 83' lang='lat' dir='ltr'><strong>fallacinm.</strong></span> 
     </span>
    </p>

    <p class='ocr_par' dir='ltr' id='par_1_4' title="bbox 191 1630 1128 1994">
     <span class='ocr_line' id='line_1_14' title="bbox 234 1630 1127 1710; baseline -0.007 -15"><span class='ocrx_word' id='word_1_94' title='bbox 234 1635 324 1706; x_wconf 83' lang='lat' dir='ltr'><strong>Quod</strong></span> <span class='ocrx_word' id='word_1_95' title='bbox 338 1650 413 1695; x_wconf 90' lang='lat' dir='ltr'><strong>vero</strong></span> <span class='ocrx_word' id='word_1_96' title='bbox 428 1632 564 1710; x_wconf 81' lang='lat' dir='ltr'><strong>pertinet</strong></span> <span class='ocrx_word' id='word_1_97' title='bbox 577 1631 619 1692; x_wconf 91' lang='lat' dir='ltr'><strong>ad</strong></span> <span class='ocrx_word' id='word_1_98' title='bbox 633 1630 905 1707; x_wconf 85' lang='lat' dir='ltr'><strong>sudeaconatum,</strong></span> <span class='ocrx_word' id='word_1_99' title='bbox 922 1632 954 1692; x_wconf 90' lang='lat' dir='ltr'><strong>et</strong></span> <span class='ocrx_word' id='word_1_100' title='bbox 967 1630 1009 1691; x_wconf 90' lang='lat' dir='ltr'><strong>ad</strong></span> <span class='ocrx_word' id='word_1_101' title='bbox 1030 1630 1127 1691; x_wconf 91' lang='lat' dir='ltr'><strong>mino-</strong></span> 
     </span>
     <span class='ocr_line' id='line_1_15' title="bbox 191 1725 1128 1806; baseline -0.007 -18"><span class='ocrx_word' id='word_1_102' title='bbox 191 1746 243 1788; x_wconf 87' lang='lat' dir='ltr'><strong>res</strong></span> <span class='ocrx_word' id='word_1_103' title='bbox 267 1728 394 1789; x_wconf 90' lang='lat' dir='ltr'><strong>ordines</strong></span> <span class='ocrx_word' id='word_1_104' title='bbox 413 1744 548 1805; x_wconf 88' lang='lat' dir='ltr'><strong>quorum</strong></span> <span class='ocrx_word' id='word_1_105' title='bbox 566 1726 747 1788; x_wconf 87' lang='lat' dir='ltr'><strong>conferendi</strong></span> <span class='ocrx_word' id='word_1_106' title='bbox 767 1727 900 1789; x_wconf 80' lang='lat' dir='ltr'><strong>facultas</strong></span> <span class='ocrx_word' id='word_1_107' title='bbox 917 1725 1093 1806; x_wconf 80' lang='lat' dir='ltr'><strong>aliquando</strong></span> <span class='ocrx_word' id='word_1_108' title='bbox 1111 1740 1128 1781; x_wconf 90' lang='lat' dir='ltr'><strong>a</strong></span> 
     </span>
     <span class='ocr_line' id='line_1_16' title="bbox 193 1822 1125 1902; baseline -0.008 -16"><span class='ocrx_word' id='word_1_109' title='bbox 193 1826 225 1886; x_wconf 90' lang='lat' dir='ltr'><strong>S.</strong></span> <span class='ocrx_word' id='word_1_110' title='bbox 247 1826 281 1884; x_wconf 92' lang='lat' dir='ltr'><strong>P.</strong></span> <span class='ocrx_word' id='word_1_111' title='bbox 307 1822 457 1884; x_wconf 89' lang='lat' dir='ltr'><strong>mandata</strong></span> <span class='ocrx_word' id='word_1_112' title='bbox 480 1826 538 1899; x_wconf 90' lang='lat' dir='ltr'><strong>est,</strong></span> <span class='ocrx_word' id='word_1_113' title='bbox 563 1827 597 1885; x_wconf 90' lang='lat' dir='ltr'><strong>ut</strong></span> <span class='ocrx_word' id='word_1_114' title='bbox 619 1824 766 1902; x_wconf 81' lang='lat' dir='ltr'><strong>vidImus,</strong></span> <span class='ocrx_word' id='word_1_115' title='bbox 791 1826 841 1886; x_wconf 92' lang='lat' dir='ltr'><strong>vel</strong></span> <span class='ocrx_word' id='word_1_116' title='bbox 864 1825 977 1887; x_wconf 88' lang='lat' dir='ltr'><strong>saltem</strong></span> <span class='ocrx_word' id='word_1_117' title='bbox 1000 1826 1125 1886; x_wconf 87' lang='lat' dir='ltr'><strong>videtur</strong></span> 
     </span>
     <span class='ocr_line' id='line_1_17' title="bbox 191 1916 1123 1994; baseline -0.004 -15"><span class='ocrx_word' id='word_1_118' title='bbox 191 1918 341 1980; x_wconf 85' lang='lat' dir='ltr'><strong>mandata</strong></span> <span class='ocrx_word' id='word_1_119' title='bbox 354 1916 460 1994; x_wconf 83' lang='lat' dir='ltr'><strong>fuisse,</strong></span> <span class='ocrx_word' id='word_1_120' title='bbox 477 1916 503 1977; x_wconf 93' lang='lat' dir='ltr'><strong>si</strong></span> <span class='ocrx_word' id='word_1_121' title='bbox 517 1934 620 1977; x_wconf 88' lang='lat' dir='ltr'><strong>sermo</strong></span> <span class='ocrx_word' id='word_1_122' title='bbox 636 1921 682 1980; x_wconf 90' lang='lat' dir='ltr'><strong>est</strong></span> <span class='ocrx_word' id='word_1_123' title='bbox 697 1918 737 1980; x_wconf 90' lang='lat' dir='ltr'><strong>de</strong></span> <span class='ocrx_word' id='word_1_124' title='bbox 750 1919 994 1993; x_wconf 88' lang='lat' dir='ltr'><strong>subdiaconatu;</strong></span> <span class='ocrx_word' id='word_1_125' title='bbox 1012 1919 1123 1980; x_wconf 90' lang='lat' dir='ltr'><strong>sivero</strong></span> 
     </span>
    </p>
   </div>
   <div class='ocr_carea' id='block_1_4' title="bbox 182 2011 1122 3437">
    <p class='ocr_par' dir='ltr' id='par_1_5' title="bbox 189 2011 1122 2547">
     <span class='ocr_line' id='line_1_18' title="bbox 191 2011 1121 2093; baseline -0.005 -16"><span class='ocrx_word' id='word_1_126' title='bbox 191 2014 232 2078; x_wconf 87' lang='lat' dir='ltr'><strong>sit</strong></span> <span class='ocrx_word' id='word_1_127' title='bbox 259 2014 298 2077; x_wconf 92' lang='lat' dir='ltr'><strong>de</strong></span> <span class='ocrx_word' id='word_1_128' title='bbox 326 2011 502 2074; x_wconf 89' lang='lat' dir='ltr'><strong>minoribus</strong></span> <span class='ocrx_word' id='word_1_129' title='bbox 530 2012 691 2076; x_wconf 82' lang='lat' dir='ltr'><strong>ordinibus</strong></span> <span class='ocrx_word' id='word_1_130' title='bbox 715 2018 747 2077; x_wconf 88' lang='lat' dir='ltr'><strong>et</strong></span> <span class='ocrx_word' id='word_1_131' title='bbox 768 2019 907 2093; x_wconf 88' lang='lat' dir='ltr'><strong>tonsura,</strong></span> <span class='ocrx_word' id='word_1_132' title='bbox 933 2031 998 2076; x_wconf 92' lang='lat' dir='ltr'><strong>non</strong></span> <span class='ocrx_word' id='word_1_133' title='bbox 1022 2015 1121 2077; x_wconf 91' lang='lat' dir='ltr'><strong>solum</strong></span> 
     </span>
     <span class='ocr_line' id='line_1_19' title="bbox 190 2105 1122 2187; baseline -0.002 -19"><span class='ocrx_word' id='word_1_134' title='bbox 190 2105 360 2187; x_wconf 88' lang='lat' dir='ltr'><strong>aliquando</strong></span> <span class='ocrx_word' id='word_1_135' title='bbox 379 2105 458 2167; x_wconf 86' lang='lat' dir='ltr'><strong>soIet</strong></span> <span class='ocrx_word' id='word_1_136' title='bbox 479 2125 498 2167; x_wconf 91' lang='lat' dir='ltr'><strong>a</strong></span> <span class='ocrx_word' id='word_1_137' title='bbox 519 2108 553 2166; x_wconf 89' lang='lat' dir='ltr'><strong>P.</strong></span> <span class='ocrx_word' id='word_1_138' title='bbox 575 2109 613 2167; x_wconf 89' lang='lat' dir='ltr'><strong>R.</strong></span> <span class='ocrx_word' id='word_1_139' title='bbox 636 2107 766 2169; x_wconf 89' lang='lat' dir='ltr'><strong>concedi</strong></span> <span class='ocrx_word' id='word_1_140' title='bbox 787 2107 991 2186; x_wconf 84' lang='lat' dir='ltr'><strong>presbyteris,</strong></span> <span class='ocrx_word' id='word_1_141' title='bbox 1015 2108 1122 2169; x_wconf 86' lang='lat' dir='ltr'><strong>sedet</strong></span> 
     </span>
     <span class='ocr_line' id='line_1_20' title="bbox 190 2202 1121 2283; baseline -0.001 -19"><span class='ocrx_word' id='word_1_142' title='bbox 190 2203 349 2264; x_wconf 91' lang='lat' dir='ltr'><strong>ordinario</strong></span> <span class='ocrx_word' id='word_1_143' title='bbox 376 2203 516 2283; x_wconf 86' lang='lat' dir='ltr'><strong>quodam</strong></span> <span class='ocrx_word' id='word_1_144' title='bbox 539 2202 634 2264; x_wconf 90' lang='lat' dir='ltr'><strong>modo</strong></span> <span class='ocrx_word' id='word_1_145' title='bbox 663 2203 869 2266; x_wconf 84' lang='lat' dir='ltr'><strong>committitur</strong></span> <span class='ocrx_word' id='word_1_146' title='bbox 893 2203 1066 2266; x_wconf 89' lang='lat' dir='ltr'><strong>abbatibus</strong></span> <span class='ocrx_word' id='word_1_147' title='bbox 1085 2202 1121 2263; x_wconf 91' lang='lat' dir='ltr'><strong>ab</strong></span> 
     </span>
     <span class='ocr_line' id='line_1_21' title="bbox 190 2298 1120 2380; baseline 0 -22"><span class='ocrx_word' id='word_1_148' title='bbox 190 2298 338 2374; x_wconf 85' lang='lat' dir='ltr'><strong>episcopo</strong></span> <span class='ocrx_word' id='word_1_149' title='bbox 360 2298 554 2376; x_wconf 87' lang='lat' dir='ltr'><strong>benedictis,</strong></span> <span class='ocrx_word' id='word_1_150' title='bbox 578 2299 630 2360; x_wconf 84' lang='lat' dir='ltr'><strong>vel</strong></span> <span class='ocrx_word' id='word_1_151' title='bbox 654 2299 749 2361; x_wconf 88' lang='lat' dir='ltr'><strong>etiam</strong></span> <span class='ocrx_word' id='word_1_152' title='bbox 773 2300 840 2361; x_wconf 90' lang='lat' dir='ltr'><strong>sine</strong></span> <span class='ocrx_word' id='word_1_153' title='bbox 864 2299 1050 2380; x_wconf 87' lang='lat' dir='ltr'><strong>hujusmodi</strong></span> <span class='ocrx_word' id='word_1_154' title='bbox 1072 2299 1120 2360; x_wconf 91' lang='lat' dir='ltr'><strong>be·</strong></span> 
     </span>
     <span class='ocr_line' id='line_1_22' title="bbox 189 2389 1117 2458; baseline 0.008 -9"><span class='ocrx_word' id='word_1_155' title='bbox 189 2389 365 2450; x_wconf 89' lang='lat' dir='ltr'><strong>nedictione</strong></span> <span class='ocrx_word' id='word_1_156' title='bbox 389 2409 396 2450; x_wconf 78' lang='grc' dir='ltr'>ε</span> <span class='ocrx_word' id='word_1_157' title='bbox 419 2391 532 2452; x_wconf 88' lang='lat' dir='ltr'><strong>solutio</strong></span> <span class='ocrx_word' id='word_1_158' title='bbox 554 2392 727 2456; x_wconf 90' lang='lat' dir='ltr'><strong>admodum</strong></span> <span class='ocrx_word' id='word_1_159' title='bbox 747 2394 879 2458; x_wconf 79' lang='lat' dir='ltr'><strong>fortasse</strong></span> <span class='ocrx_word' id='word_1_160' title='bbox 900 2394 1038 2457; x_wconf 84' lang='lat' dir='ltr'><strong>difficilis</strong></span> <span class='ocrx_word' id='word_1_161' title='bbox 1060 2409 1117 2456; x_wconf 85' lang='lat' dir='ltr'><strong>non</strong></span> 
     </span>
     <span class='ocr_line' id='line_1_23' title="bbox 189 2488 248 2547; baseline -0.034 -1"><span class='ocrx_word' id='word_1_162' title='bbox 189 2488 248 2547; x_wconf 89' lang='lat' dir='ltr'><strong>est.</strong></span> 
     </span>
    </p>

    <p class='ocr_par' dir='ltr' id='par_1_6' title="bbox 182 2578 1117 3437">
     <span class='ocr_line' id='line_1_24' title="bbox 228 2578 1116 2652; baseline 0.003 -9"><span class='ocrx_word' id='word_1_163' title='bbox 228 2578 406 2643; x_wconf 84' lang='lat' dir='ltr'><strong>Meminisse</strong></span> <span class='ocrx_word' id='word_1_164' title='bbox 421 2580 541 2645; x_wconf 89' lang='lat' dir='ltr'><strong>debetis</strong></span> <span class='ocrx_word' id='word_1_165' title='bbox 561 2585 794 2648; x_wconf 79' lang='lat' dir='ltr'><strong>«hierarchiam</strong></span> <span class='ocrx_word' id='word_1_166' title='bbox 805 2587 912 2649; x_wconf 88' lang='lat' dir='ltr'><strong>divina</strong></span> <span class='ocrx_word' id='word_1_167' title='bbox 923 2586 1116 2652; x_wconf 87' lang='lat' dir='ltr'><strong>ordinatione</strong></span> 
     </span>
     <span class='ocr_line' id='line_1_25' title="bbox 188 2676 1117 2767; baseline 0.006 -29"><span class='ocrx_word' id='word_1_168' title='bbox 188 2676 390 2767; x_wconf 85' lang='lat' dir='ltr'><strong>constitutam</strong></span> <span class='ocrx_word' id='word_1_169' title='bbox 403 2684 547 2743; x_wconf 88' lang='lat' dir='ltr'><strong>constare</strong></span> <span class='ocrx_word' id='word_1_170' title='bbox 561 2700 601 2741; x_wconf 85' lang='lat' dir='ltr'><strong>ex</strong></span> <span class='ocrx_word' id='word_1_171' title='bbox 615 2682 781 2762; x_wconf 87' lang='lat' dir='ltr'><strong>episcopis,</strong></span> <span class='ocrx_word' id='word_1_172' title='bbox 797 2683 1001 2763; x_wconf 89' lang='lat' dir='ltr'><strong>presbyteris,</strong></span> <span class='ocrx_word' id='word_1_173' title='bbox 1018 2689 1052 2747; x_wconf 92' lang='lat' dir='ltr'><strong>et</strong></span> <span class='ocrx_word' id='word_1_174' title='bbox 1067 2681 1117 2744; x_wconf 92' lang='lat' dir='ltr'><strong>mi·</strong></span> 
     </span>
     <span class='ocr_line' id='line_1_26' title="bbox 187 2773 1116 2860; baseline 0.004 -26"><span class='ocrx_word' id='word_1_175' title='bbox 187 2773 302 2837; x_wconf 89' lang='lat' dir='ltr'><strong>nistris.</strong></span> <span class='ocrx_word' id='word_1_176' title='bbox 319 2797 334 2834; x_wconf 84' lang='lat' dir='ltr'><strong>r</strong></span> <span class='ocrx_word' id='word_1_177' title='bbox 353 2776 499 2838; x_wconf 84' lang='lat' dir='ltr'><strong>Ita&#39;Irid.</strong></span> <span class='ocrx_word' id='word_1_178' title='bbox 521 2795 597 2839; x_wconf 88' lang='lat' dir='ltr'><strong>sess.</strong></span> <span class='ocrx_word' id='word_1_179' title='bbox 622 2780 730 2857; x_wconf 84' lang='lat' dir='ltr'>XXIII,</span> <span class='ocrx_word' id='word_1_180' title='bbox 754 2798 824 2860; x_wconf 86' lang='lat' dir='ltr'><strong>cap.</strong></span> <span class='ocrx_word' id='word_1_181' title='bbox 841 2797 885 2842; x_wconf 86' lang='lat' dir='ltr'><strong>vr.</strong></span> <span class='ocrx_word' id='word_1_182' title='bbox 907 2780 1116 2844; x_wconf 88' lang='lat' dir='ltr'><strong>Ministrorum</strong></span> 
     </span>
     <span class='ocr_line' id='line_1_27' title="bbox 184 2871 1115 2958; baseline 0.003 -25"><span class='ocrx_word' id='word_1_183' title='bbox 184 2872 312 2958; x_wconf 85' lang='lat' dir='ltr'><strong>nomine</strong></span> <span class='ocrx_word' id='word_1_184' title='bbox 326 2871 477 2934; x_wconf 89' lang='lat' dir='ltr'><strong>diaconos</strong></span> <span class='ocrx_word' id='word_1_185' title='bbox 491 2873 609 2953; x_wconf 85' lang='lat' dir='ltr'><strong>venire,</strong></span> <span class='ocrx_word' id='word_1_186' title='bbox 626 2879 733 2955; x_wconf 90' lang='lat' dir='ltr'><strong>utpote</strong></span> <span class='ocrx_word' id='word_1_187' title='bbox 748 2878 801 2957; x_wconf 88' lang='lat' dir='ltr'><strong>qui</strong></span> <span class='ocrx_word' id='word_1_188' title='bbox 816 2878 935 2940; x_wconf 89' lang='lat' dir='ltr'><strong>habent</strong></span> <span class='ocrx_word' id='word_1_189' title='bbox 952 2875 1115 2956; x_wconf 87' lang='lat' dir='ltr'><strong>plenitudi-</strong></span> 
     </span>
     <span class='ocr_line' id='line_1_28' title="bbox 185 2968 1115 3052; baseline 0.008 -27"><span class='ocrx_word' id='word_1_190' title='bbox 185 2984 258 3027; x_wconf 91' lang='lat' dir='ltr'><strong>nem</strong></span> <span class='ocrx_word' id='word_1_191' title='bbox 273 2968 366 3049; x_wconf 86' lang='lat' dir='ltr'><strong>bujus</strong></span> <span class='ocrx_word' id='word_1_192' title='bbox 387 2969 563 3047; x_wconf 89' lang='lat' dir='ltr'><strong>ministerii,</strong></span> <span class='ocrx_word' id='word_1_193' title='bbox 586 2970 619 3031; x_wconf 91' lang='lat' dir='ltr'><strong>in</strong></span> <span class='ocrx_word' id='word_1_194' title='bbox 641 2971 789 3052; x_wconf 81' lang='lat' dir='ltr'><strong>confesso</strong></span> <span class='ocrx_word' id='word_1_195' title='bbox 805 2979 852 3034; x_wconf 90' lang='lat' dir='ltr'><strong>est</strong></span> <span class='ocrx_word' id='word_1_196' title='bbox 877 2991 884 3034; x_wconf 75' lang='grc' dir='ltr'><strong><em>ε</em></strong></span> <span class='ocrx_word' id='word_1_197' title='bbox 910 2973 988 3035; x_wconf 88' lang='lat' dir='ltr'><strong>alios</strong></span> <span class='ocrx_word' id='word_1_198' title='bbox 1011 2978 1115 3037; x_wconf 86' lang='lat' dir='ltr'><strong>autem</strong></span> 
     </span>
     <span class='ocr_line' id='line_1_29' title="bbox 184 3065 1114 3148; baseline 0.014 -28"><span class='ocrx_word' id='word_1_199' title='bbox 184 3079 247 3122; x_wconf 93' lang='lat' dir='ltr'><strong>non</strong></span> <span class='ocrx_word' id='word_1_200' title='bbox 260 3065 368 3126; x_wconf 84' lang='lat' dir='ltr'><strong>venire</strong></span> <span class='ocrx_word' id='word_1_201' title='bbox 384 3066 443 3128; x_wconf 91' lang='lat' dir='ltr'><strong>nisi</strong></span> <span class='ocrx_word' id='word_1_202' title='bbox 462 3073 618 3148; x_wconf 86' lang='lat' dir='ltr'><strong>quatenus</strong></span> <span class='ocrx_word' id='word_1_203' title='bbox 640 3085 750 3130; x_wconf 91' lang='lat' dir='ltr'><strong>eorum</strong></span> <span class='ocrx_word' id='word_1_204' title='bbox 767 3069 941 3132; x_wconf 85' lang='lat' dir='ltr'><strong>ministeris</strong></span> <span class='ocrx_word' id='word_1_205' title='bbox 958 3070 991 3131; x_wconf 92' lang='lat' dir='ltr'><strong>in</strong></span> <span class='ocrx_word' id='word_1_206' title='bbox 1011 3069 1114 3133; x_wconf 89' lang='lat' dir='ltr'><strong>diaco·</strong></span> 
     </span>
     <span class='ocr_line' id='line_1_30' title="bbox 184 3158 1112 3243; baseline 0.01 -28"><span class='ocrx_word' id='word_1_207' title='bbox 184 3160 275 3217; x_wconf 89' lang='lat' dir='ltr'><strong>natus</strong></span> <span class='ocrx_word' id='word_1_208' title='bbox 293 3158 465 3222; x_wconf 90' lang='lat' dir='ltr'><strong>ministerio</strong></span> <span class='ocrx_word' id='word_1_209' title='bbox 487 3163 663 3226; x_wconf 87' lang='lat' dir='ltr'><strong>eminenter</strong></span> <span class='ocrx_word' id='word_1_210' title='bbox 684 3164 1005 3243; x_wconf 88' lang='lat' dir='ltr'><strong>comprehenduntur,</strong></span> <span class='ocrx_word' id='word_1_211' title='bbox 1029 3181 1112 3226; x_wconf 90' lang='lat' dir='ltr'><strong>com-</strong></span> 
     </span>
     <span class='ocr_line' id='line_1_31' title="bbox 182 3250 1113 3340; baseline 0.012 -31"><span class='ocrx_word' id='word_1_212' title='bbox 182 3250 321 3314; x_wconf 91' lang='lat' dir='ltr'><strong>muniter</strong></span> <span class='ocrx_word' id='word_1_213' title='bbox 338 3254 524 3319; x_wconf 88' lang='lat' dir='ltr'><strong>admittitur.</strong></span> <span class='ocrx_word' id='word_1_214' title='bbox 546 3259 699 3322; x_wconf 89' lang='lat' dir='ltr'><strong>Videlicet</strong></span> <span class='ocrx_word' id='word_1_215' title='bbox 714 3259 896 3340; x_wconf 89' lang='lat' dir='ltr'><strong>hujusmodi</strong></span> <span class='ocrx_word' id='word_1_216' title='bbox 911 3259 1050 3322; x_wconf 87' lang='lat' dir='ltr'><strong>minores</strong></span> <span class='ocrx_word' id='word_1_217' title='bbox 1066 3277 1113 3322; x_wconf 88' lang='lat' dir='ltr'><strong>or-</strong></span> 
     </span>
     <span class='ocr_line' id='line_1_32' title="bbox 182 3345 1110 3437; baseline 0.013 -32"><span class='ocrx_word' id='word_1_218' title='bbox 182 3345 271 3406; x_wconf 88' lang='lat' dir='ltr'><strong>dines</strong></span> <span class='ocrx_word' id='word_1_219' title='bbox 292 3354 365 3409; x_wconf 87' lang='lat' dir='ltr'><strong>sunt</strong></span> <span class='ocrx_word' id='word_1_220' title='bbox 385 3351 424 3411; x_wconf 92' lang='lat' dir='ltr'><strong>de</strong></span> <span class='ocrx_word' id='word_1_221' title='bbox 446 3351 552 3415; x_wconf 83' lang='lat' dir='ltr'><strong>divina</strong></span> <span class='ocrx_word' id='word_1_222' title='bbox 572 3355 766 3420; x_wconf 88' lang='lat' dir='ltr'><strong>institutione</strong></span> <span class='ocrx_word' id='word_1_223' title='bbox 780 3357 814 3418; x_wconf 94' lang='lat' dir='ltr'><strong>in</strong></span> <span class='ocrx_word' id='word_1_224' title='bbox 828 3373 885 3418; x_wconf 91' lang='lat' dir='ltr'><strong>suo</strong></span> <span class='ocrx_word' id='word_1_225' title='bbox 900 3374 1029 3437; x_wconf 80' lang='lat' dir='ltr'><strong>genere,</strong></span> <span class='ocrx_word' id='word_1_226' title='bbox 1053 3373 1110 3419; x_wconf 91' lang='lat' dir='ltr'><strong>non</strong></span> 
     </span>
    </p>
   </div>
   <div class='ocr_carea' id='block_1_5' title="bbox 180 3443 1109 3603">
    <p class='ocr_par' dir='ltr' id='par_1_7' title="bbox 180 3443 1109 3603">
     <span class='ocr_line' id='line_1_33' title="bbox 180 3443 1109 3533; baseline 0.014 -29"><span class='ocrx_word' id='word_1_227' title='bbox 180 3446 286 3505; x_wconf 88' lang='lat' dir='ltr'><strong>autem</strong></span> <span class='ocrx_word' id='word_1_228' title='bbox 299 3443 332 3505; x_wconf 91' lang='lat' dir='ltr'><strong>in</strong></span> <span class='ocrx_word' id='word_1_229' title='bbox 346 3464 405 3507; x_wconf 86' lang='lat' dir='ltr'><strong>sua</strong></span> <span class='ocrx_word' id='word_1_230' title='bbox 418 3448 533 3526; x_wconf 90' lang='lat' dir='ltr'><strong>specie,</strong></span> <span class='ocrx_word' id='word_1_231' title='bbox 549 3470 607 3514; x_wconf 88' lang='lat' dir='ltr'><strong>nec</strong></span> <span class='ocrx_word' id='word_1_232' title='bbox 622 3460 657 3515; x_wconf 89' lang='lat' dir='ltr'><strong>ut</strong></span> <span class='ocrx_word' id='word_1_233' title='bbox 670 3454 788 3533; x_wconf 86' lang='lat' dir='ltr'><strong>passim</strong></span> <span class='ocrx_word' id='word_1_234' title='bbox 803 3454 992 3533; x_wconf 87' lang='lat' dir='ltr'><strong>admittitur,</strong></span> <span class='ocrx_word' id='word_1_235' title='bbox 1008 3473 1109 3517; x_wconf 85' lang='lat' dir='ltr'><strong>sacre·</strong></span> 
     </span>
     <span class='ocr_line' id='line_1_34' title="bbox 184 3542 386 3603; baseline 0.03 -6"><span class='ocrx_word' id='word_1_236' title='bbox 184 3542 290 3600; x_wconf 90' lang='lat' dir='ltr'><strong>menta</strong></span> <span class='ocrx_word' id='word_1_237' title='bbox 304 3544 386 3603; x_wconf 88' lang='lat' dir='ltr'><strong>sunt.</strong></span> 
     </span>
    </p>
   </div>
   <div class='ocr_carea' id='block_1_6' title="bbox 0 0 1226 4125">
    <p class='ocr_par' dir='ltr' id='par_1_8' title="bbox 0 0 1226 4125">
     <span class='ocr_line' id='line_1_35' title="bbox 0 0 1226 4125; baseline 0 5"><span class='ocrx_word' id='word_1_238' title='bbox 0 0 1226 4125; x_wconf 95' lang='lat' dir='ltr'><strong> </strong></span> 
     </span>
    </p>
   </div>
  </div>
 </body>
</html>
