2442 4125
215 239 272 298 tlt}
421 251 649 298 rnsrrrurronns
669 253 755 298 ruars
777 253 939 300 canorum.

215 400 391 476 spectemus
407 412 469 455 non
484 394 575 457 valde
590 394 759 456 differunt:
776 396 1015 476 utraqueenim
1026 398 1154 460 servitu-

216 501 277 554 tem
292 492 418 565 dionnt;
445 491 545 552 sedin
570 491 671 570 primo
695 509 772 553 casu
795 493 932 554 servitus
954 493 1100 556 refertur
1120 493 1155 554 ad

215 588 388 664 subjectum
413 587 576 660 colsuain
601 588 700 648 altero
719 587 761 646 ad
783 588 947 668 objectum
972 591 1095 666 cultus,
1118 589 1154 648 si-

214 686 341 764 quidem
355 684 387 744 in
402 685 502 764 primo
516 686 701 763 protltemur
719 688 786 747 Deo
800 694 945 748 nostram
969 687 1153 748 servitutem

214 788 363 859 tanquam
377 797 482 841 rorum
496 781 637 841 omnium
651 799 799 862 supremo
823 783 981 857 Domino;
999 783 1037 842 in
1062 785 1152 844 altem

215 877 423 955 glorificamur
437 878 536 938 Deum
551 877 582 936 in
598 877 694 938 sacris
708 878 783 938 suis.
813 938 818 947 ,

152 1019 155 1028 .
254 973 314 1034 Sed
337 989 403 1032 non
423 979 545 1034 tantum
567 973 600 1032 in
621 989 737 1050 genere
761 972 835 1033 colit
856 973 1006 1035 Ecclesia
1032 978 1152 1036 saneim

213 1086 285 1129 oum
298 1067 420 1128 Christo
427 1074 596 1146 regnantes
610 1069 802 1146 complexive
812 1073 972 1147 sumptos,
989 1069 1150 1132 sedetiam

213 1167 243 1224 in
265 1165 368 1242 specie
390 1171 421 1227 et
444 1165 640 1228 distributive
663 1168 816 1246 sumptos,
841 1171 1007 1244 qnatenus
1030 1167 1150 1230 felicem

213 1259 319 1338 gloriae
347 1259 571 1321 nonnullorum
598 1265 713 1320 statum
740 1259 790 1320 vel
818 1259 940 1338 privato
972 1278 1076 1320 sensu
1102 1265 1150 1320 ant

213 1355 370 1416 communi
396 1355 541 1433 opinione
556 1352 768 1416 existimamus
788 1353 838 1414 vel
852 1353 991 1432 publicae
1018 1357 1149 1417 auctori

213 1451 283 1512 tatis
307 1449 523 1513 ecclesiastica
553 1449 678 1510 oraculo
699 1448 739 1509 de
761 1449 815 1509 illo
837 1449 944 1510 edocti
975 1450 1093 1511 simus.
1119 1453 1148 1511 ln

213 1547 313 1624 primo
327 1564 402 1608 casu
417 1547 517 1606 cultus
532 1551 579 1605 est
594 1545 743 1622 privatus,
760 1545 876 1622 quippe
901 1547 957 1622 qui
972 1563 1018 1606 ex
1033 1549 1149 1624 privata
1214 1608 1215 1635 ¹

212 1638 380 1700 colentium
395 1636 560 1697 devotione
575 1637 726 1714 procedit.
742 1639 777 1697 ln
799 1635 899 1697 altero
914 1639 967 1698 est
990 1639 1146 1716 publicus¹
1214 1640 1215 1715 l

212 1733 364 1809 siquidem
399 1730 522 1807 publica
556 1731 704 1792 Ecclesiae
732 1731 916 1792 caeleritate
951 1733 1145 1794 decernitur·
1214 1724 1215 1753 ³

212 1829 350 1892 Ecclesia
363 1833 469 1890 autem
483 1829 542 1890 hoc
552 1830 706 1908 judicium
721 1847 785 1890 non
798 1829 932 1891 instituit
948 1831 990 1892 de
1018 1830 1145 1912 singulis

212 1927 265 2006 qui
282 1926 315 1986 in
329 1924 496 1987 christiana
520 1926 742 1986 communione
756 1926 945 2002 moriuntur,
974 1927 1036 1987 sed
1050 1929 1090 1989 de
1112 1927 1145 1987 iis

213 2042 291 2106 quos
305 2041 479 2105 proponere
503 2021 601 2101 possit
625 2024 777 2100 tanquam
800 2022 952 2104 singulari
976 2024 1075 2086 modo
1099 2041 1143 2085 co

211 2122 322 2183 londos
335 2127 369 2184 ut
391 2121 499 2181 fideles
513 2119 545 2179 in
560 2136 606 2185 ‚eo
623 2118 707 2195 quod
728 2119 890 2181 celebrent
909 2119 1057 2182 invenire
1079 2123 1144 2201 pos'

212 2218 273 2277 sint
287 2217 447 2295 exemplar
460 2216 544 2296 quod
560 2215 731 2277 imitentur.

252 2310 317 2368 Hoc
332 2314 438 2368 autem
454 2309 564 2370 accidit
578 2308 631 2373 ubi
645 2308 911 2387 apprehenditur:
927 2313 959 2371 l⁰
970 2312 1030 2373 Vel
1044 2329 1140 2390 perse·

211 2398 349 2458 vorantia
364 2400 465 2459 finalis
480 2402 511 2461 in
522 2400 668 2462 exercitio
681 2400 832 2462 virtutum
841 2403 986 2464 omnium
1000 2406 1036 2465 in
1045 2405 1141 2487 gradu
1214 2409 1215 2412 ’

212 2492 349 2584 heroico.
380 2498 410 2554 2⁰
434 2496 490 2556 Vel
513 2496 696 2575 martyrium
724 2515 781 2575 pro
803 2498 920 2560 Christi
942 2500 1008 2561 fide
1032 2501 1141 2562 invicte

211 2589 376 2649 toleratum
393 2607 400 2649 :
418 2588 500 2650 unde
515 2596 638 2650 sanctos
652 2589 748 2650 cultui
762 2592 908 2669 proponit
921 2593 973 2653 vel
987 2599 1142 2673 martyres

210 2692 265 2749 aut
278 2686 483 2747 confessores.
500 2688 566 2746 Hoc
580 2692 686 2747 autem
696 2686 850 2763 judicium
862 2689 989 2767 peragit
1004 2692 1054 2751 vel
1077 2698 1140 2751 tan·
1214 2719 1215 2770 l

211 2802 305 2862 quam
320 2782 473 2860 interpres
487 2782 580 2843 Verbi
596 2782 664 2859 Dei,
681 2783 735 2842 ubi
749 2800 852 2844 sermo
864 2786 902 2846 sit
911 2785 953 2845 de
962 2785 1001 2845 iis
1010 2804 1141 2865 quorum

210 2880 278 2941 laus
294 2887 324 2941 et
338 2877 475 2958 elogium
489 2878 647 2939 invenitur
660 2885 715 2939 aut
728 2879 761 2939 in
773 2879 869 2939 verbo
884 2881 940 2941 Dei
956 2883 1075 2960 scripto
1090 2889 1141 2943 aut
1214 2901 1215 2914 ¹

210 2976 335 3037 tradito.
353 2977 436 3036 Inter
450 2990 558 3033 ornnes
573 2974 690 3034 eminet
703 2974 795 3035 beata
809 2974 903 3053 Virgo
918 2976 1019 3037 Maria
1038 2982 1142 3038 sancta

210 3073 308 3134 Mater
323 3071 389 3148 Dei,
406 3087 501 3148 quam
515 3068 653 3129 Ecclesia
672 3074 802 3130 venerat
815 3075 968 3147 tanquam
990 3072 1142 3152 Reginam

211 3171 400 3245 martyrum,
429 3165 582 3244 Reginam
609 3164 840 3239 confessorum,
871 3168 1026 3247 Reginam
1054 3169 1143 3248 virgi-

211 3278 298 3333 num,
323 3262 475 3339 Reginam
506 3267 684 3322 sanctorum
707 3262 859 3338 omnium,
886 3262 1020 3340 proinde
1043 3264 1141 3324 cultus

211 3354 355 3431 publicus
376 3355 430 3433 qui
443 3356 487 3415 illi
510 3355 693 3434 rependitur
707 3356 739 3415 in
763 3358 868 3435 specie
889 3362 922 3420 et
944 3358 1142 3437 singulariter

215 3453 248 3505 ut
262 3466 281 3505 a
295 3447 382 3503 dulia
395 3452 552 3509 communi
567 3451 786 3529 distinguatur,
803 3454 915 3515 dicitur
929 3453 1114 3534 hyperduliu.
