2442 4125
334 382 373 426 uu
393 380 523 429 opsecro
542 381 625 428 runis
648 381 803 429 certorum.
980 372 1037 432 133

141 532 175 589 2·
203 530 244 590 Ut
268 526 506 588 matrimonium
526 526 560 588 iu
583 526 695 589 eadem
718 528 801 590 tribu
822 528 1038 594 contineretur

95 624 249 699 respectu
263 619 302 680 ad
318 620 396 681 alias
409 620 520 682 tribus.

140 714 284 773 Primum
298 712 557 791 impedimentum
576 713 687 775 hahuit
700 732 758 793 pro
777 715 850 792 tine,
867 716 940 777 tidei
961 736 1036 780 cou-

96 807 324 883 serratiouem,
341 824 423 885 quae,
439 806 518 868 inita
531 825 604 868 cum
618 807 766 888 gentibus
780 808 930 871 societate
945 810 1037 873 facile

95 900 313 981 deperiisset:
337 901 419 961 Note
440 902 571 963 effectus
598 900 828 963 connubiorum
850 902 933 964 inter
955 903 1036 965 tilios

95 999 160 1059 Dei
174 1000 206 1060 et
218 997 299 1057 filias
313 996 487 1059 hominum.
870 1046 873 1053 i

141 1095 283 1156 Alteram
297 1092 339 1154 ad
352 1111 465 1171 pacem
479 1092 740 1169 conservandam,
752 1110 790 1153 ne
801 1093 827 1155 si
838 1095 1036 1159 matrimonia

98 1186 226 1248 exirent
243 1185 283 1247 dc
301 1184 397 1263 trihu,
414 1184 603 1265 questiones
623 1185 782 1247 orirentur
801 1186 841 1247 de
859 1190 1035 1269 proprieta·
1122 1253 1127 1262 ,

96 1282 198 1348 tibus.
215 1282 289 1344 iiaeo
303 1284 373 1343 erat
385 1286 419 1343 et
431 1298 528 1342 causa
542 1300 640 1362 quare
655 1284 731 1345 Levi
741 1280 847 1361 jussus
861 1290 909 1345 est
926 1285 1035 1347 matti-

96 1380 244 1441 monium
264 1378 450 1440 contrahere
471 1396 543 1439 cum
564 1396 661 1441 uxore
683 1380 787 1444 fratris
801 1381 861 1458 sui,
877 1385 913 1443 ut
926 1400 1034 1443 semen

98 1472 254 1533 excitaret
267 1471 358 1534 fratri
370 1488 439 1533 suo.

142 1569 190 1628 Eu
209 1585 373 1648 quousque
390 1567 524 1647 profecit
541 1587 580 1631 ex
593 1587 657 1631 una
671 1574 761 1649 parte
778 1570 964 1651 degradatio
979 1588 1034 1631 na-

98 1670 182 1728 turae
196 1665 400 1742 matrimonii,
411 1682 450 1727 ex
459 1666 657 1727 alteraiuitia
670 1666 877 1745 reparationis
891 1665 1034 1747 ejusdem

100 1765 176 1822 ente
186 1761 299 1822 Christi
309 1761 490 1823 adventum.
502 1762 628 1842 integra
642 1762 833 1827 matrimonii
847 1762 1033 1825 restauratio

98 1855 290 1917 servabatur
302 1855 437 1917 Christo.

364 2027 412 2074 111.
424 2029 456 2076 iia
467 2028 625 2074 restauratione
636 2027 774 2072 matrimonii.

109 2174 120 2222 ·.
141 2165 194 2226 tt.
212 2161 402 2236 Quaerebant
415 2180 434 2224 a
448 2161 571 2225 Christo
585 2159 737 2222 Pharizaei
748 2159 884 2240 (Matth,
901 2158 983 2238 xtx):
997 2156 1036 2219 Si

99 2259 167 2320 lieet
194 2257 306 2320 horniai
331 2257 477 2320 dimittere
502 2276 624 2319 exorem
655 2274 760 2334 eccm,
789 2273 971 2336 quacumque
996 2273 1034 2316 ee·

98 2350 210 2413 ecura?
225 2352 501 2428 Nondubitahant,
514 2351 682 2428 utvidetis,
694 2367 734 2411 an
743 2350 853 2412 liceret
862 2349 1031 2425 dimittere,

98 2449 221 2510 sed‘de
245 2449 347 2511 causis
374 2447 581 2522 dimissionis;
605 2447 781 2510 secuudum
803 2446 907 2510 varias
932 2450 1033 2508 sectas

98 2553 178 2608 tunc
191 2547 342 2625 temporis
355 2546 388 2606 iu
398 2544 506 2625 judaeo
523 2546 640 2624 populo
661 2545 815 2626 vigentes,
832 2544 1033 2606 dissecaban-

98 2646 164 2720 tur,
181 2642 270 2704 etita
284 2641 449 2704 tentabant
468 2640 627 2702 Christum
641 2659 754 2721 cepere
768 2640 801 2700 in
821 2657 977 2713 sermone,
999 2641 1034 2699 ut

99 2738 249 2800 videlicet
271 2737 446 2800 doctrinam
467 2737 592 2814 Christi,
607 2739 640 2798 in
660 2739 830 2800 maximam
850 2735 932 2797 illius
952 2736 1033 2795 tem-

98 2835 188 2916 poris
203 2835 409 2916 questionem
422 2834 627 2895 adducerent.

142 2933 310 2993 Praesensit
329 2931 485 3007 Christus,
501 2929 609 2992 divina
629 2948 692 3010 qua
715 2929 853 3008 pollebat
875 2924 1032 3003 sapientia

98 3044 233 3107 pravam
246 3027 473 3106 phariseorum
487 3024 640 3098 animam
656 3023 787 3084 intuitus
800 3024 848 3082 est
862 3036 1032 3081 erroneum

99 3123 298 3202 suppositum
311 3122 396 3203 quod
409 3121 529 3183 latebat
540 3121 575 3182 in
586 3123 704 3196 mente,
721 3117 826 3196 quoad
839 3115 1032 3178 matrimonii

99 3225 258 3299 naturam,
274 3221 358 3282 unde
379 3220 567 3300 questiones
588 3219 628 3279 de
649 3215 773 3278 divortii
797 3215 899 3276 causis
912 3214 946 3275 in
959 3216 1033 3274 infl-

99 3321 203 3381 nitum
222 3319 435 3399 augebantur3
453 3316 572 3378 sciebat
593 3314 767 3395 quodlicet
782 3313 913 3394 questio
929 3312 968 3373 de
983 3311 1033 3372 di-

98 3416 248 3477 missione
263 3415 379 3492 uxoris,
391 3433 448 3494 per
457 3433 490 3475 se
501 3411 710 3487 considerata,
722 3414 847 3490 poterat
861 3428 930 3471 esse
945 3425 1031 3467 mere

98 3508 325 3589 disciplinaris,
342 3511 482 3570 ettamen
505 3505 704 3567 considerata
723 3505 827 3584 prouti
850 3507 918 3564 erat
939 3500 1031 3560 mori-

98 3611 159 3674 bus
179 3612 364 3673 iudaeorum
385 3611 523 3686 recepte,
539 3605 573 3667 iu
594 3605 800 3685 quaestioncm
823 3603 862 3664 de
884 3614 1033 3745 magnoqu-

190 3720 256 3760 TOH·
275 3721 307 3758 ii.
