2442 4125
312 342 349 386 nu
371 341 500 388 onrscro
519 343 602 388 rums
624 341 780 388 assumor.
950 331 1010 390 259

42 503 173 547 mano
188 485 295 564 generi
310 485 478 563 propitium
492 483 625 546 reddero
639 485 699 545 nisi
715 485 748 545 in
762 489 914 563 quantum
924 487 1012 546 velut

41 583 197 642 umbrae
211 585 243 644 et
256 581 365 658 figurae
380 580 421 641 ad
435 579 621 641 sacrificium
644 581 721 641 illud
738 581 863 643 unicum
887 580 1010 642 ordina-

47 681 193 740 bantur
207 678 292 756 qnod
306 674 433 756 dignam
449 681 514 738 Deo
535 677 778 738 satisfactionem
793 678 869 738 dare
893 683 1009 756 posset.

15 767 22 776 ’
47 775 158 847 Quid
177 778 284 836 autem
298 775 358 834 hoc
383 773 568 834 sacrificium
583 775 694 851 crucis,
719 774 774 834 ubi
789 774 927 834 Christus
949 776 1011 834 llo-

50 873 181 932 minus
195 870 291 931 Filius
305 870 360 930 Dei
375 887 409 931 se
424 870 527 949 ipsum
542 869 653 931 obtulit
668 870 751 932 Patri
766 871 797 930 in
821 869 1011 949 redemptio·

49 985 149 1028 nem
166 984 221 1042 pro
245 966 401 1040 omnihus,
418 969 452 1026 ut
475 965 666 1028 haberemus
680 965 928 1043 redemptionem
953 983 1010 1044 per

54 1063 262 1141 sanguinem
278 1063 357 1140 ejus,
376 1062 592 1123 remissionem
607 1070 820 1140 peccatorum.

111 1157 214 1215 Porro
229 1171 300 1216 cum
316 1155 383 1214 haec
404 1154 497 1214 unica
512 1154 629 1215 oblatio
643 1157 794 1232 tauquam
808 1153 936 1216 infinitae
951 1154 1011 1216 rir-

56 1250 151 1310 tutis
181 1247 279 1310 extitit
301 1247 486 1308 universalis
508 1251 540 1306 et
563 1247 722 1307 meritoria
746 1265 843 1308 causa
860 1249 1012 1327 justifica-

55 1343 170 1406 tionis
186 1343 325 1404 0mnium
340 1346 492 1420 quotquot
509 1342 680 1418 salvantur,
698 1343 774 1403 salvi
796 1343 868 1407 iacti
884 1351 956 1405 sunt
979 1352 1009 1405 et

60 1439 154 1499 salvi
174 1438 262 1511 fient,
277 1457 340 1499 non
360 1439 470 1516 quaerit
486 1439 626 1500 Ecclesia
649 1441 800 1502 catholica
816 1459 914 1502 novas
937 1441 1010 1500 hos-

60 1537 151 1610 tias,
168 1550 266 1593 novas
280 1533 420 1593 victimas
435 1533 549 1611 quibus
562 1535 664 1594 Deum
679 1536 738 1595 sihi
753 1537 923 1614 propitium
938 1536 1007 1595 red-

62 1631 141 1701 dat,
166 1630 256 1706 quasi
273 1629 424 1688 nonsatis
444 1629 477 1688 in
497 1629 723 1708 Redemptione
742 1629 854 1691 Christi
873 1629 1011 1690 confidat

62 1731 129 1784 aut
143 1723 270 1784 aliunde
286 1723 344 1784 sibi
360 1724 609 1800 redemptionem
624 1732 780 1804 procuret.

110 1821 184 1881 Non
211 1818 283 1880 ideo
298 1824 402 1880 tamen
426 1826 513 1880 caret
527 1819 639 1881 visibili
661 1827 693 1882 et
708 1821 892 1900 quotidiano
916 1823 1010 1884 sacri·

66 1916 161 1976 ficio,
177 1915 254 1976 Nam
269 1913 351 1975 idem
362 1915 415 1976 ille
430 1916 511 1975 Deus
521 1921 552 1976 et
565 1916 718 1977 Dominus
729 1924 835 1977 noster
848 1919 901 1996 qui
911 1919 1010 1980 semel

69 2012 217 2090 seipsum
239 2011 271 2071 iu
285 2029 340 2072 ara
363 2011 462 2073 crucis
476 2019 576 2073 morte
601 2011 815 2073 intercedente
839 2015 903 2075 Deo
926 2014 1009 2075 Patri

68 2109 202 2169 oblatus
216 2112 264 2169 est
288 2114 321 2168 ut
335 2113 484 2168 eternam
508 2106 570 2167 illic
589 2105 838 2184 redemptionem
861 2126 1009 2186 operare·

71 2207 183 2262 tur....
209 2202 240 2260 in
256 2219 348 2261 coeua
371 2201 537 2261 novissime
560 2217 623 2281 qua
649 2207 740 2262 nocte
762 2201 942 2263 tradebatur
964 2203 1012 2263 di-

68 2297 166 2357 lectae
182 2312 303 2372 sponsae
315 2311 370 2356 seu
382 2293 528 2356 Ecclesiae
542 2292 660 2355 visibile
674 2299 706 2355 ut
720 2294 884 2355 hominum
898 2303 1010 2358 natura

70 2392 173 2471 exigit
187 2390 334 2467 relinquit
347 2389 533 2450 sacrificium
547 2407 609 2467 quo
635 2389 710 2449 illud
725 2398 889 2453 cruentum
911 2395 1008 2455 semel

71 2490 106 2547 iu
134 2503 225 2547 cruce
244 2492 405 2564 peractum
428 2491 671 2565 representatur,
697 2486 842 2568 illiusque
865 2490 1009 2552 salutaris
1068 2506 1072 2512 '

73 2585 175 2643 virtus
190 2582 221 2640 in
236 2582 453 2643 remissionem
467 2589 667 2661 peccatorum
682 2585 867 2661 applicatur.

116 2681 184 2739 Hoc
207 2685 315 2740 autem
336 2677 410 2739 fecit
433 2677 627 2739 institutione
652 2679 853 2739 Eucharistiae
883 2678 1008 2754 quando

75 2773 273 2835 sacerdotem
297 2774 330 2833 iu
352 2778 505 2835 aeternum
528 2774 702 2835 secundum
722 2773 865 2833 ordinem
885 2773 1009 2834 Melchi-

76 2868 193 2931 sedech
208 2886 241 2929 se
256 2868 458 2930 constitutum
473 2868 637 2929 declarans
651 2886 764 2948 corpus
779 2868 1008 2947 etsanguinem

76 2983 169 3027 suum
183 2964 242 3026 sub
258 2967 421 3043 speciebus
435 2965 525 3045 panis
539 2969 572 3027 et
585 2966 647 3029 vini
662 2968 726 3027 Deo
750 2967 832 3028 Patri
848 2965 957 3025 obtulit
978 2971 1010 3025 ct

77 3048 138 3122 sub
152 3061 336 3123 earumdem
357 3053 464 3124 'rerum
486 3061 637 3141 symbolis
654 3061 814 3139 apostolis,
836 3078 915 3138 quos
934 3064 1008 3121 tuno

77 3154 150 3215 nori
174 3155 350 3215 testamenti
367 3155 544 3215 sacerdotes
568 3152 759 3225 instituebat,
781 3168 954 3229 eorumque
976 3152 1007 3211 in

78 3250 252 3312 sacerdotio
267 3250 498 3311 successorihus
515 3253 548 3311 ut
562 3248 720 3322 offerrent,
738 3248 886 3326 precepit
900 3266 956 3326 per
971 3268 1009 3311 ea
1064 3328 1070 3337 Ι

79 3347 174 3408 verba-
200 3365 207 3405 :
241 3346 307 3407 Hoc
329 3345 417 3425 sorite
444 3347 475 3407 in
501 3363 594 3406 meum
623 3344 934 3407 commemorationem.
964 3348 1009 3406 Ex

80 3440 137 3503 hac
150 3441 342 3503 institutione
357 3441 472 3505 factum
486 3447 534 3501 est
549 3444 584 3503 ut
598 3439 737 3500 Iicclesia
750 3440 844 3501 etiam
863 3441 1009 3503 hebuerit

80 3536 198 3599 risibile
221 3536 430 3601 secerdotium
460 3544 490 3598 et
517 3536 722 3612 sacrificium3
747 3537 803 3597 sed
831 3538 1008 3599 sacerdotes
