2442 4125
334 292 373 337 DE
395 290 524 339 OBJEGTO
544 290 628 337 milis
649 289 804 337 (lssfflllcl.
994 280 1034 340 ⁴5

97 441 137 501 de
147 435 314 516 disciplina
328 434 477 497 Ecclesiae
488 434 572 496 circa
581 435 787 499 Eucharistiae
801 440 1034 500 sacramentum

96 533 334 597 consideratum
356 532 389 591 in
410 548 469 591 sua
491 530 719 607 celebratione,
740 550 796 592 seu
817 530 849 591 in
873 536 946 592 actu
969 548 1033 611 quo

95 628 273 703 conficitur,
290 660 330 671 -
343 628 375 685 2⁰
390 628 516 704 Loquar
530 623 569 684 de
584 624 751 703 disciplina
768 622 854 684 circa
866 623 1033 685 bucheria

93 728 174 791 tiam
198 722 431 785 consideratam
456 720 488 780 in
511 738 546 781 re
568 720 783 800 permanenti,
799 736 855 779 seu
879 724 1034 799 qualemn

94 822 321 904 permanenter
334 818 491 883 Christum
506 821 695 897 praesentem
709 816 861 881 continet.

409 990 563 1047 mamaea
573 988 726 1034 adauae.

137 1109 191 1170 lli.
212 1108 285 1170 lam
307 1110 374 1170 tum
394 1125 413 1167 a
431 1106 541 1188 primis
564 1106 713 1169 Ecclesiae
737 1106 861 1169 seculis
883 1125 952 1169 mos
976 1104 1035 1169 luit

96 1202 328 1265 Eucharistiem
342 1201 504 1263 celebrare
514 1217 577 1263 non
589 1201 629 1262 iis
643 1200 745 1263 selum
759 1204 908 1263 contenta
921 1200 1034 1263 ritibus

97 1296 153 1375 qui
169 1314 207 1355 ex
222 1294 334 1357 llhrr'sti
352 1294 548 1358 institutione
569 1294 778 1357 essentialiter
796 1294 944 1357 servandi
960 1299 1035 1357 nunt

96 1395 133 1452 ul
145 1390 345 1452 Eucharistia
365 1390 529 1468 habeatur,
546 1390 602 1451 sed
617 1391 724 1469 plures
743 1391 866 1453 addens
880 1408 1033 1454 caeremo-

97 1488 168 1547 nias
182 1494 214 1547 et
227 1486 315 1563 ritus,
332 1485 447 1567 quibus
468 1489 501 1547 et
517 1486 614 1547 fldem
634 1504 726 1548 auam
747 1506 822 1567 erga
844 1488 904 1548 hoc
926 1504 1033 1548 naora-

95 1586 241 1643 mentum
265 1580 468 1659 exprimeret,
486 1583 517 1643 et
535 1584 662 1660 gratum
685 1581 782 1642 animi
806 1598 933 1641 sensum
956 1598 1034 1660 erge

96 1679 182 1739 hanc
195 1675 424 1737 institutionem
439 1676 612 1753 exhiberet,
625 1680 658 1737 et
666 1676 808 1738 lidelium
820 1679 941 1737 mentes
951 1676 1033 1737 exei-

94 1778 189 1838 lurel.
207 1778 286 1837 Nam
301 1774 375 1837 dale
390 1776 552 1837 occasione
575 1776 796 1837 celebrationis
813 1775 1030 1852 Eucharistiae,

96 1872 128 1932 el
142 1869 256 1948 psalmi
271 1868 485 1930 recitabantur
499 1877 531 1929 et
544 1875 661 1929 sanctae
675 1869 840 1947 scriptura
852 1871 890 1932 V.
902 1872 934 1929 et
944 1870 981 1928 ll.
993 1870 1030 1929 Τ.

94 1964 359 2045 potissimumque
378 1964 549 2044 evangelii3
567 1964 735 2042 episcopus
755 1966 809 2043 qui
823 1981 922 2025 seorae
943 1962 1034 2024 luno-

95 2059 178 2123 lioni
196 2065 331 2140 praeerat
352 2061 502 2139 populum
527 2058 763 2138 alloquebatur3
787 2057 1033 2138 supplicationes

95 2157 207 2239 plures
219 2159 336 2220 fiebant
350 2161 381 2220 et
395 2177 504 2237 preces
518 2177 575 2237 pro
590 2157 738 2219 blcclesiae
753 2175 843 2238 pace,
860 2176 918 2238 pro
932 2160 1029 2236 impe-

94 2253 267 2330 ratoribus,
283 2272 340 2331 pro
356 2254 517 2330 militibus,
533 2272 591 2333 pro
605 2255 750 2332 infirmis,
767 2272 826 2334 pro
848 2254 983 2332 efflictis,
1000 2261 1034 2319 et

94 2366 152 2429 pro
168 2349 347 2410 hominibus
362 2351 415 2429 qui
430 2369 521 2430 opem
542 2351 697 2430 indigent,
713 2351 779 2413 sive
799 2351 879 2413 vivis
893 2352 960 2412 sive
975 2351 1032 2414 de-

94 2444 227 2518 functis3
245 2444 372 2506 demum
386 2450 570 2508 consecrata
583 2447 783 2508 eucharistia
796 2448 943 2510 omnibus
953 2447 1029 2508 fide-

92 2541 180 2602 libus
203 2542 410 2619 praesentibus
431 2541 691 2619 distribuebatur,
714 2543 899 2605 absentibus
926 2543 1033 2604 mitte-

93 2638 193 2700 batur
216 2654 273 2714 per
296 2637 462 2723 diaconos;
489 2641 520 2700 el
542 2638 671 2699 landem
691 2639 828 2718 populus
849 2638 1034 2699 solemniter

96 2732 328 2796 dimittebatur.

138 2829 224 2890 Ordo
249 2847 378 2905 precum
401 2830 514 2892 harum
538 2829 679 2892 omnium
702 2833 734 2891 et
755 2827 1030 2905 caeremoniarum,

96 2943 198 3004 quum
225 2924 387 3003 publicum
421 2925 630 2988 ministerium
666 2943 792 2985 sacrum
820 2921 1030 3000 respicerent,
1108 2915 1112 2921 ’

95 3022 192 3082 dicta
209 3021 332 3082 suntab
343 3022 471 3102 antiquo
486 3021 649 3100 Liturpioe:
666 3020 832 3081 universus
846 3019 925 3081 ritus
939 3020 1033 3081 simul

94 3115 294 3194 complexive
305 3121 448 3196 sumplus
463 3118 565 3180 dictus
581 3121 629 3178 eet
641 3115 768 3193 collecto,
778 3134 882 3196 graece
896 3118 1031 3196 moncia,
1113 3171 1119 3176 .

95 3235 117 3276 a
131 3215 273 3294 generali
288 3216 384 3278 totius
399 3214 545 3278 llcclesiae
565 3220 740 3278 conventu:
757 3215 851 3276 bodie
866 3216 932 3277 sive
947 3216 1032 3296 quod
1050 3277 1053 3282 .

94 3312 142 3372 ibi
166 3311 347 3374 immoletur
370 3312 474 3374 hostia
492 3331 511 3372 a
529 3315 595 3374 Deo
619 3313 730 3388 missa,
747 3313 812 3372 sive
835 3313 921 3392 quod
940 3312 973 3372 iu
995 3329 1033 3373 eo

95 3421 212 3484 preces
236 3406 343 3484 populi
375 3407 537 3468 christiani
560 3409 601 3468 ad
625 3408 726 3468 Deum
759 3408 941 3485 mittantur,
967 3409 1033 3468 aive

98 3499 188 3580 quod
204 3502 387 3564 solemniter
400 3503 535 3583 populus
548 3502 709 3566 functione
723 3504 847 3583 expleta
860 3503 1035 3564 dimittetur

898 3607 927 3660 34
