2442 4125
317 322 356 365 nr
376 320 505 369 onasum
524 324 608 371 rums
630 325 786 373 csuourcr.
959 320 1016 381 lot

70 466 120 525 de
136 465 284 543 episcopo
299 464 490 528 dioecesano.
508 468 540 530 Si
554 486 646 531 secus
667 470 785 533 lectum
805 473 910 551 fuerit,
931 478 1017 539 ordi·

69 580 163 621 nans
177 580 196 621 a
210 561 376 623 collatione
391 564 538 625 ordinum
557 584 617 645 per
636 584 766 646 annum,
790 571 952 633 ordInatus
974 576 1015 635 ab

71 661 230 721 exercitio
245 660 393 721 ordinum
407 667 626 741 susceptorum
646 666 751 744 quoad
770 668 928 731 ordinario
947 672 1017 749 pla-

71 756 193 832 cuerit,
216 758 285 834 ipso
308 758 391 819 facto
415 760 620 838 suspenditur
642 762 740 841 (Trid.
766 767 801 841 8,
827 768 877 827 23.
903 766 942 827 de
965 786 1015 829 re·

69 851 199 930 form).
217 851 280 913 Sed
293 853 409 932 poterit
422 854 502 916 clius
523 857 688 935 episcopus
708 858 866 937 ordinare,
883 860 909 921 si
924 862 1015 923 cleri-

73 968 137 1009 cus
151 948 292 1009 obtineat
308 950 429 1011 litteras
453 950 646 1015 dimissorias
670 954 721 1015 vel
744 958 1015 1021 commendatitias

73 1043 121 1104 ad
137 1044 220 1105 hunc
235 1045 380 1106 effectum
395 1065 402 1105 :
420 1046 476 1107 sed
491 1048 658 1127 episcopus
673 1052 727 1129 qui
741 1068 794 1111 eas
813 1052 937 1131 recipit,
959 1054 1014 1115 de-

73 1141 137 1200 bet
149 1157 260 1202 cavere
275 1144 309 1203 ut
322 1141 367 1203 ibi
380 1142 532 1219 conferat,
554 1144 607 1210 ubi
627 1144 721 1207 datur
739 1145 767 1207 ei
788 1148 1013 1225 pontificalium

74 1254 166 1297 usus.

89 1377 94 1384 .
119 1330 156 1391 Si
168 1348 270 1391 sermo
284 1330 325 1392 sit
338 1331 378 1392 de
391 1332 591 1411 regularibus
606 1333 800 1409 ordinandis,
812 1335 845 1397 hi
859 1337 1014 1415 recipiunt

75 1426 272 1487 dimissorias
295 1446 315 1489 a
336 1445 393 1488 suo
414 1428 597 1507 superiore;
623 1430 679 1491 sed
701 1419 796 1496 debet
816 1432 1012 1495 ordinandus

73 1524 160 1583 mitti
173 1522 214 1582 ad
228 1523 409 1601 episcopum
425 1522 656 1599 dioecesanum
675 1528 795 1606 quodsi
806 1528 897 1589 sedes
908 1532 1010 1605 vacat,

73 1617 128 1677 vel
143 1616 226 1677 absit
240 1616 416 1695 episcopus,
432 1618 483 1678 vel
502 1618 732 1682 ordinationem
750 1639 813 1682 non
832 1620 958 1697 habeat,
982 1624 1014 1683 et

71 1713 108 1773 id
123 1713 181 1773 fiat
200 1712 267 1773 sine
288 1713 411 1789 fraude,
435 1716 467 1775 et
487 1731 550 1775 non
572 1734 611 1775 ex
630 1715 784 1777 industria
807 1716 1013 1797 (quapropter

73 1808 248 1888 requiritur
262 1808 478 1870 authenticum
491 1811 706 1873 testimonium
720 1813 827 1875 vicarii
842 1814 1009 1893 generalis,

72 1906 127 1966 vel
141 1905 333 1981 cancellarii,
349 1905 399 1968 vel
413 1906 575 1968 secretarii
588 1907 728 1986 episcopi
742 1908 937 1988 dioecesani),
954 1928 1013 1989 po-

72 2003 149 2065 terit
163 2002 204 2064 ad
220 2002 362 2080 quemvis
372 2001 556 2082 episcopum
565 2002 647 2064 mitti
658 2003 862 2065 ordinandus.
877 2005 908 2066 Si
920 2022 1011 2066 secus

72 2103 195 2162 factum
212 2100 317 2174 fuerit,
340 2100 490 2161 ordinans
505 2099 621 2163 incidit
640 2097 673 2160 in
695 2117 806 2177 poenss
825 2117 936 2162 eorum
957 2099 1011 2178 qui

72 2199 215 2259 alienum
229 2196 389 2259 subditum
403 2197 471 2256 sine
486 2195 670 2258 dimissoriis
685 2196 909 2258 ordinaverint.

219 2323 265 2369 111.
279 2335 307 2367 nr
324 2334 384 2370 nono
398 2334 442 2373 ono
456 2334 566 2369 rccusu
579 2334 609 2367 rr
624 2334 722 2368 onnrnrs
738 2333 860 2368 lnurrrrr.

114 2417 154 2476 X.
181 2412 395 2475 Ministrorum
416 2412 699 2474 ecclesiasticorum
724 2412 936 2492 inauguratio,
968 2413 1011 2474 si·

74 2510 206 2591 quidem
220 2508 261 2569 ab
275 2508 312 2569 iis
326 2507 453 2586 publice
466 2511 498 2570 et
511 2508 636 2587 privata
649 2509 808 2570 societatis
830 2509 1008 2571 christiane

73 2605 193 2667 utilitas
206 2605 375 2684 dependet,
386 2621 439 2665 res
452 2608 500 2665 est
513 2603 628 2664 summi
641 2605 792 2666 momenti
802 2605 836 2665 in
847 2605 1010 2666 ecclesias-

71 2701 137 2760 tica
151 2698 317 2778 disciplina
333 2718 339 2759 :
356 2698 431 2758 inde
444 2698 537 2775 plura
550 2700 668 2759 statuta
681 2701 754 2759 sunt
765 2715 835 2777 quae
850 2696 1010 2775 pertinent

73 2798 105 2855 1⁰
125 2794 169 2856 ud
191 2812 229 2855 ea
243 2812 313 2875 que
334 2795 481 2856 ordinum
502 2793 662 2854 collationi
682 2791 903 2872 premittenda
922 2794 1005 2863 sunt,

71 2898 104 2954 2⁰
120 2893 162 2954 cd
173 2910 214 2953 aa
227 2910 297 2971 quae
311 2891 344 2951 in
359 2909 492 2952 ascensu
506 2895 537 2952 et
550 2890 748 2970 promotione
759 2888 800 2949 ad
811 2886 1009 2948 sublimiores

72 2987 203 3049 ordines
217 2985 373 3047 servanda
386 2990 470 3062 sunt,
485 2987 519 3046 3ο
532 2985 573 3045 ad
588 2983 694 3058 ritum,
710 2987 845 3059 tempus,
858 2981 891 3040 et
903 2978 1009 3039 locum

72 3101 136 3164 quo
148 3080 305 3142 ordinatio
316 3083 427 3160 peragi
437 3080 562 3142 debeat.
572 3082 646 3142 llaec
657 3077 764 3139 omnia
774 3075 1007 3154 comprehendo

71 3179 131 3241 sub
146 3177 237 3240 titulo
251 3177 416 3256 praesentis
429 3175 583 3239 lectionis.

115 3307 137 3350 1.
150 3306 306 3350 Praemittendo
318 3321 323 3348 ε
336 3309 363 3351 l⁰
374 3307 478 3351 nonnulla
489 3307 517 3350 ab
530 3305 639 3359 Ecclesia3
653 3306 678 3345 2⁰
690 3303 793 3348 nonnulle
806 3303 833 3348 sb
845 3303 958 3360 episcopm

381 3381 407 3422 ³0
417 3377 522 3422 nonnulla
533 3376 560 3420 ab
571 3375 700 3422 ordinando.

112 3464 144 3522 l⁰
158 3459 208 3520 Ab
221 3458 367 3521 Ecclesia.
392 3493 433 3505 —
453 3459 614 3540 lejuuium
638 3478 644 3519 :
669 3458 719 3518 hio
740 3461 789 3520 est
809 3457 922 3518 modus
945 3473 1007 3537 quo

72 3557 215 3618 Ecclesia
228 3556 470 3618 solemnioribus
484 3555 582 3633 festis,
598 3555 833 3616 imminentibus
848 3551 1005 3631 periculis,
