2442 4125
333 338 372 384 on
394 337 523 385 omnem
542 338 627 387 rums
647 338 804 387 cunenses.
996 328 1034 389 tl

100 483 207 547 eismie
221 486 253 545 et
267 482 341 545 satie
354 482 573 562 degustatione
588 484 629 545 ad
645 485 850 565 effugandum
861 486 1035 565 diabolum,

98 581 132 643 in
153 579 348 659 professione
372 579 462 655 ildei,
489 582 521 641 et
541 580 683 643 oratione
709 599 787 661 erga
811 584 921 644 Deum.
949 586 1037 646 runc

98 675 210 754 incipit
223 674 256 735 in
270 672 443 735 Ecclesiam
452 674 577 753 ingredi
586 676 806 755 baptizandus,
819 696 917 757 quum
926 680 1037 743 recitat

99 768 281 847 symbolum
299 772 332 828 et
349 766 524 829 orationem
538 768 740 831 dominicam.

138 866 172 925 3⁰
186 863 326 943 Expletis
340 863 388 924 his
402 864 514 926 ritibus
528 868 774 945 promontoriis,
790 868 923 949 tingitur
933 869 1036 931 intem

97 960 132 1021 in
156 978 240 1039 aqua
261 960 401 1037 lustrali,
423 962 474 1022 vel
493 980 552 1042 per
573 962 783 1041 infusionem,
814 966 865 1025 vel
893 982 953 1045 per
979 967 1035 1027 im·

99 1057 300 1132 mersionem,
313 1055 518 1135 juxtavarios
532 1058 673 1121 ecclesiae
691 1076 806 1121 mores.
818 1062 1033 1140 Bosporanis,

97 1154 266 1213 universus
279 1152 356 1212 ritus
370 1151 505 1214 intendit
518 1152 695 1230 exprimere
713 1154 867 1215 salutares
886 1154 1035 1233 baptismi

99 1249 247 1323 effectus,
272 1247 304 1306 in
327 1246 494 1308 traditione
518 1249 614 1309 vestis
637 1248 717 1309 albae
746 1268 817 1329 quse
844 1250 1032 1329 puritatem,

99 1340 185 1401 nerei
202 1341 326 1401 accensi
348 1340 402 1420 qui
425 1342 588 1403 caritatem
608 1341 741 1419 indicet,
757 1348 789 1406 et
806 1342 839 1404 in
858 1344 1034 1407 chrismatis

98 1436 247 1499 unctione
273 1440 306 1499 ut
331 1438 363 1497 in
387 1440 518 1515 accepte
535 1435 659 1515 justitia
681 1442 714 1500 et
735 1440 899 1503 sanctitate
925 1458 1033 1519 perse-

98 1537 198 1594 neret.

137 1625 345 1705 Loquendum
358 1624 454 1689 etiam
468 1630 515 1687 est
524 1625 563 1686 de
579 1626 714 1687 nominis
727 1627 937 1706 impositione,
947 1626 1032 1705 quod

96 1736 171 1779 cnm
186 1734 269 1777 nova
282 1716 444 1778 nativitate
454 1718 661 1793 connectitur,
674 1718 822 1798 quodque
832 1723 919 1780 amat
926 1720 1032 1781 Eccle-

95 1816 145 1875 sia
165 1820 201 1877 ut
220 1814 254 1874 in
275 1812 453 1901 nominibus
473 1814 505 1874 in
524 1814 584 1874 hac
597 1814 747 1877 societate
761 1814 859 1877 sacris
872 1816 1029 1896 eligatur:

96 1910 282 1993 rejiciuntur
305 1910 433 1971 nomina
454 1910 583 1988 proprie
608 1910 759 1971 falsarum
787 1910 975 1991 religionum
1001 1916 1033 1975 et

96 2008 266 2071 idolorum.

138 2103 336 2166 Adhibentur
349 2101 473 2162 Potrici
490 2120 502 2162 .·
522 2101 637 2162 horum
655 2103 744 2181 origo
763 2103 804 2164 ab
821 2103 968 2164 Ecclesiae
987 2103 1032 2165 in·

97 2200 271 2262 cunabulis.
284 2201 323 2261 ili
336 2200 438 2279 primo
453 2199 527 2262 dicti
542 2204 616 2261 sunt
628 2198 843 2278 fidejussores,
858 2203 890 2262 et
902 2217 1031 2278 sponso·

94 2315 157 2374 res,
184 2298 257 2358 fidei
282 2297 461 2373 dictatores,
484 2299 661 2374 offerentes,
685 2301 718 2358 et
739 2301 830 2360 erant
851 2299 1031 2362 catechistas

94 2390 205 2471 quide
220 2391 437 2453 catechumeni
452 2391 592 2451 moribus
603 2395 634 2452 et
646 2390 711 2453 vita
722 2392 922 2454 testabantur
934 2397 967 2456 et
979 2412 1032 2454 ve·

93 2487 153 2546 luti
171 2483 396 2571 fidejubebant.
417 2485 509 2546 Hisce
528 2491 748 2548 successerunt
763 2492 962 2565 susceptores
974 2505 1031 2548 seu

93 2581 210 2661 patrini
226 2587 257 2643 et
269 2583 424 2658 matrinae,
441 2583 531 2660 quasi
545 2586 651 2660 patres
665 2587 697 2644 et
710 2587 827 2644 matres
840 2583 1028 2661 spirituales,

94 2691 232 2754 quorum
249 2691 363 2734 munus
383 2679 430 2737 est
447 2674 655 2754 baptizandos
672 2677 786 2737 offerre
799 2675 960 2750 ministris,
976 2691 1031 2734 eos

94 2769 136 2830 de
157 2787 248 2830 saoro
269 2769 354 2832 fonte
375 2771 545 2848 suscipere,
569 2789 626 2849 pro
646 2770 818 2831 infantibus
837 2768 1030 2849 respondere

93 2866 237 2927 ministro
251 2866 469 2945 interroganti,
482 2867 606 2928 adultos
617 2867 733 2928 docere
748 2866 824 2944 qnid
837 2863 1030 2942 respondere

94 2962 242 3037 debeant,
259 2961 308 3023 vel
323 2981 432 3024 eorum
446 2955 515 3024 v'ioe
529 2963 721 3041 respondere
740 2964 767 3022 si
784 2960 826 3021 ad
844 2960 876 3022 id
891 2977 954 3021 non
968 2961 1031 3024 sint

93 3057 212 3134 idonei,
229 3063 390 3136 susceptos
404 3058 542 3134 demum,
559 3061 586 3119 si
600 3060 661 3120 hoc
671 3058 774 3119 officio
784 3057 1031 3138 nonlunguntur

93 3157 241 3231 parentes
256 3154 425 3229 naturales,
440 3155 473 3213 in
488 3155 583 3215 rebus
601 3153 678 3214 fidei
696 3153 937 3233 christianaque
957 3154 1029 3216 doo-

92 3251 185 3312 trinae
201 3249 337 3312 erudire.

134 3344 211 3405 Inde
225 3363 246 3405 a
258 3346 373 3424 patrini
386 3365 516 3408 munere
533 3351 737 3409 removentur
753 3346 907 3425 infideles,
926 3353 958 3409 et
976 3349 1029 3410 be·

93 3441 248 3517 terodoxi,
261 3444 532 3521 excommunicati,
543 3443 688 3523 infames,
700 3444 829 3506 rationis
844 3462 902 3505 usu
917 3459 1029 3504 caren-

95 3540 151 3616 tes,
181 3539 433 3604 rudimentorum
458 3541 534 3603 fidei
561 3541 673 3620 ignari,
703 3545 736 3604 et
761 3542 849 3603 muti.
879 3542 967 3614 Item
994 3541 1025 3598 et
