2442 4125
173 240 214 301 86
381 251 610 299 insnwmonns
631 252 714 298 rums
736 252 892 299 desemel.

175 398 295 461 ordinis
316 396 486 476 respondet
506 399 554 459 est
567 399 666 458 status
687 396 889 479 magistratus
903 401 934 458 et
948 400 1121 477 principe-

175 500 235 559 tus.
261 494 324 556 Sed
348 493 389 553 ad
417 491 634 572 hujuscemodi
662 496 778 555 statum
805 511 869 554 non
896 511 1008 555 omues
1041 501 1124 557 suut
1210 524 1211 537 2

175 591 292 666 idonei,
307 590 330 650 ii
345 606 421 651 vero
436 588 538 649 solum
552 589 606 668 qui
621 588 766 649 omnibus
780 590 842 651 siut
854 588 980 667 praediti
993 608 1123 667 praero-

176 686 288 767 galivio
310 704 379 767 quae
400 685 442 747 ad
463 689 562 747 stetus
582 685 664 747 illius
685 687 793 747 munia
816 689 924 748 sancte
942 690 975 749 et
996 687 1124 749 decore
1210 682 1211 723 ³

177 783 324 846 obeunda
336 782 550 863 requiruntur,
562 782 647 843 unde
662 782 802 844 Ecclesia
816 783 922 863 aliqua
934 788 1026 845 certa
1035 786 1123 845 indi-

178 881 226 943 cie
235 880 332 959 possit
342 877 580 957 deprehendere
589 877 698 940 dicione
706 878 875 941 vocationis.
885 880 1125 943 ludellcclesia

178 975 409 1054 sapientissima
429 974 575 1054 quaedem
594 975 726 1055 requirit
739 976 771 1035 iu
786 976 824 1036 iis
843 976 898 1055 qui
910 976 953 1037 ad
967 976 1122 1037 ordinem

179 1070 296 1133 debent
309 1069 499 1148 promoveri.

219 1166 293 1226 Haec
306 1166 457 1246 requisita
470 1165 621 1230 nonnulla
638 1166 800 1247 generalia
813 1170 885 1229 suut
899 1184 970 1246 quae
987 1168 1032 1229 ad
1047 1186 1120 1231 sus-

179 1260 356 1340 ceptionem
370 1263 511 1324 cmnium
529 1262 676 1325 ordinum
690 1267 842 1342 spectant,
859 1264 921 1325 elia
940 1283 1013 1344 quac
1029 1284 1121 1345 spec-

179 1360 247 1420 tant
259 1357 293 1419 in
307 1358 411 1437 specie
425 1359 647 1421 nonnullorum
662 1360 808 1421 ordinum
821 1362 1071 1441 susceptionem

207 1521 238 1567 lle
249 1522 357 1579 reqntdtis
371 1522 398 1568 ed
409 1524 568 1581 incoeptionem
579 1524 679 1569 ordinum
696 1527 719 1569 in
737 1537 826 1588 genere.¹
842 1526 897 1570 Hoec
914 1526 1022 1583 requisita
1040 1532 1093 1571 snut

484 1594 518 1639 rel
536 1595 636 1652 negativa
654 1595 688 1639 vel
708 1596 808 1651 positiva.
1131 1597 1134 1602 '

526 1729 639 1784 Nepotioa
650 1730 764 1786 requisita.

221 1858 258 1917 ll.
286 1857 438 1937 Negativa
460 1860 533 1919 suut
555 1860 590 1919 ut
607 1848 728 1918 nullum
751 1857 833 1920 adsit
849 1858 1115 1937 impedimentum

182 1966 243 2031 quo
258 1949 431 2029 suscipiens
444 1968 465 2034 a
477 1950 650 2012 ministerio
665 1950 782 2011 ordinis
793 1950 873 2031 juris
891 1955 1054 2015 sententia
1067 1973 1115 2014 re-

182 2050 373 2110 moveretur.
385 2046 806 2130 Hujusmodiimpedimenta
816 2067 886 2128 quae
896 2050 1115 2130 antiquissima

181 2147 254 2207 sunt
275 2142 308 2203 in
328 2142 483 2220 Ecclesia,
500 2141 542 2203 ad
565 2158 636 2222 quae
658 2140 862 2219 exprimenda
884 2144 1009 2202 veteres
1034 2142 1114 2204 dice-

181 2237 277 2299 baut:
300 2238 474 2316 «Aliquem
493 2237 603 2315 repelli
622 2236 843 2310 aministerio;
859 2269 899 2282 -
912 2237 954 2298 ad
975 2238 1114 2300 ministe-

182 2331 265 2392 rium
285 2347 349 2392 non
369 2331 511 2394 admitti:
528 2354 543 2391 ι
567 2350 631 2394 non
652 2336 724 2395 ante
746 2349 817 2394 sace.
843 2348 905 2410 xu,
922 2336 957 2394 ut
977 2333 1111 2409 videtur,

184 2425 268 2488 dicte
281 2428 354 2486 suut
366 2424 618 2504 irrepalarsares.

224 2523 304 2584 Sunt
318 2538 392 2601 ergo
408 2521 655 2602 irregularitates
669 2519 876 2600 impedimento
896 2520 1036 2582 moeniae
1051 2538 1112 2602 quc

183 2616 221 2679 od
233 2613 343 2678 ordinis
351 2615 512 2680 minatoria
521 2616 687 2697 prodiderat,
700 2613 822 2695 proinde
831 2622 859 2676 et
868 2613 904 2675 ab
918 2613 1109 2676 ordinatione.

183 2711 395 2795 impedimento
414 2731 426 2774 .·
447 2731 511 2774 non
534 2713 619 2772 enim
641 2716 713 2774 suut
735 2727 854 2790 poenae,
871 2709 983 2772 saltem
1003 2711 1038 2770 in
1059 2727 1111 2770 suc

183 2812 337 2889 conceptu
350 2807 509 2888 generice,
522 2807 638 2886 qnippe
653 2823 722 2885 quae
738 2823 802 2867 nou
816 2805 921 2866 omnia
934 2807 1111 2884 supponunt

183 2905 313 2982 crimen,
335 2904 392 2966 sed
413 2905 488 2965 suut
507 2919 597 2963 mera
616 2901 793 2975 obstacule3
819 2900 967 2977 canoniea,
995 2899 1031 2962 id
1053 2902 1109 2975 eet,

180 3001 252 3082 jure
267 2999 480 3063 ecclesiastico
493 2998 643 3060 inducta:
659 2997 793 3077 proinde
806 2997 839 3057 in
854 3013 965 3058 eorum
986 3013 1110 3059 censum

184 3113 246 3155 nou
261 3098 467 3156 numerantur
482 3094 623 3156 defectus
637 3110 729 3153 sexus
748 3092 845 3154 virilis
860 3095 892 3153 et
904 3091 1107 3170 baptismatis,

173 3190 237 3272 ‘qui
253 3199 363 3249 causat
377 3189 552 3251 nullitatcm
567 3188 782 3266 ordinationis,
791 3188 863 3268 jure
878 3186 983 3248 divino
999 3187 1044 3247 sic
1054 3185 1109 3248 exi·

183 3288 289 3368 gente,
306 3285 362 3345 sed
377 3285 479 3345 solum
493 3283 630 3347 reddunt
644 3285 876 3347 ordinationem
896 3283 997 3362 ipsam
1013 3302 1069 3362 per
1080 3301 1109 3343 se

184 3381 342 3462 loquendo
364 3380 515 3443 illicitam.
533 3384 602 3443 Nou
622 3381 707 3442 euim
726 3381 778 3441 hic
800 3386 872 3441 sunt
891 3379 1110 3460 impedimenta

184 3481 265 3541 sicut
279 3477 311 3538 in
325 3474 536 3552 matrimonio,
553 3493 635 3553 quoe,
653 3491 750 3552 quum
769 3472 893 3534 irritent
907 3472 1105 3546 contractum,
