2442 4125
304 313 343 358 nn
364 311 492 358 ostnoro
512 313 596 358 mnis
617 312 776 361 usnemu.
945 305 1000 362 nrt

38 468 174 526 torem
194 457 302 519 odium
321 455 403 537 juris
417 455 521 536 aliquo
543 457 639 519 modo
659 458 776 521 habere
795 459 953 538 videntur,
974 466 1006 522 et

38 573 196 619 summa
209 553 333 615 cautela
348 552 470 614 admitti
486 553 639 632 (Bersrdi,
651 555 715 616 Dis.
726 555 782 634 δ’).

96 659 143 717 5⁰
159 656 202 714 lle
216 651 429 714 matrimonio.
446 650 503 712 Hie
524 651 608 712 enim
627 656 675 716 est
687 654 853 732 terminus,
869 655 931 717 boe
948 655 1006 716 ob-

38 755 189 835 jectum
203 751 383 811 eontraotus
402 767 409 808 :
430 747 578 811 videlieet
594 749 692 812 maris
710 753 743 812 et
755 750 894 812 toeminae
908 751 1004 812 seete

44 855 107 911 tas
148 844 338 925 conjugalis,
368 843 539 906 individuas
568 844 640 906 vitae
668 845 921 926 conjunctionem
957 865 1004 908 re

42 946 184 1005 tineus.
202 941 235 1004 Si
248 941 345 1021 igitur
359 957 529 1018 consensus
543 959 606 1002 non
621 941 777 1004 referetur
789 941 1004 1003 aeontrahen·

47 1041 154 1100 tibus
183 1036 224 1096 ad
258 1035 340 1097 hano
374 1035 567 1112 societatem,
604 1055 662 1098 seu
695 1038 737 1098 ed
770 1037 940 1099 essentiam
973 1041 1006 1098 et

46 1133 279 1198 substantiam
293 1131 387 1211 hujus
406 1132 575 1208 societatis,
599 1131 657 1193 sed
677 1133 719 1193 ad
738 1135 834 1196 aliam
853 1133 1005 1195 essentia-

48 1233 138 1293 liter
154 1229 345 1305 distinctam,
366 1245 428 1290 non
449 1229 584 1311 nabetur
602 1245 774 1290 consensus
792 1229 824 1290 in
842 1229 1005 1292 matrimo-

49 1326 170 1399 nium,
187 1321 272 1401 quod
287 1322 335 1382 est
348 1320 481 1382 materie
494 1321 589 1400 th'us
603 1326 793 1384 contractus.

97 1426 138 1484 θ’
155 1422 202 1480 De
217 1417 380 1497 prasenti3
396 1416 544 1478 videlieet
557 1417 608 1478 hio
623 1422 655 1480 et
673 1436 756 1479 nune
775 1418 1002 1494 contrahendo,

52 1523 92 1580 ut
120 1517 253 1577 differat
275 1531 294 1574 a
317 1531 471 1574 oonsensu
494 1513 698 1591 sponsalium,
724 1517 779 1594 qui
801 1514 936 1576 retertur
963 1515 1005 1574 ad

55 1611 318 1687 matrimonium,
335 1609 391 1671 sed
406 1609 656 1672 contrahendum
669 1610 703 1670 in
717 1610 870 1671 loturum.

100 1708 278 1772 XXXVIII.
303 1705 353 1767 Ad
377 1707 436 1767 hoo
459 1711 510 1767 5⁸⁰¹
532 1708 564 1768 et
585 1710 637 1767 6⁰¹¹*
661 1705 870 1786 requisitum,
894 1703 1003 1766 referri

58 1807 197 1868 videtur
216 1803 340 1864 theoria
363 1803 401 1864 de
423 1801 632 1862 conditionibus
651 1802 838 1864 matrimonio
857 1802 1003 1882 oppositu.

58 1901 229 1976 Quaeritur
247 1900 345 1980 igitur
364 1917 405 1959 an
427 1898 544 1960 alliciat
564 1898 730 1960 consensui
753 1899 787 1959 in
810 1899 860 1958 his
882 1898 1005 1959 dnobus

61 1997 226 2080 capitibus
254 1999 406 2076 spectato,
436 1995 574 2077 adjicere
603 1993 799 2056 conditiones
830 1993 1004 2056 eontraotui

61 2093 285 2158 matrimonii?

104 2189 312 2253 Conditiones
348 2186 416 2250 aliae
449 2186 579 2268 propriu
606 2190 694 2263 sunt,
722 2185 793 2247 aliae
820 2185 1002 2266 impropria.

63 2285 183 2345 Primae
198 2300 266 2343 rem
279 2282 485 2361 suspendunt,
507 2284 659 2361 tanquam
676 2281 718 2343 ab
736 2272 856 2343 incerto
876 2284 1001 2355 eventu,

65 2377 142 2456 quia
167 2374 347 2436 referuntur
367 2374 409 2435 ad
430 2378 554 2453 tempus
574 2374 725 2437 futurum.
749 2374 827 2438 Alis
848 2393 911 2437 non
931 2379 1006 2437 sunt

66 2470 275 2553 suspensiva,
301 2472 376 2550 quia
398 2469 578 2532 referuntur
600 2470 640 2532 ad
663 2478 789 2552 tempus
810 2473 1003 2551 praeteritum

69 2571 123 2630 aut
137 2586 290 2647 praesens,
307 2572 338 2629 et
358 2566 402 2627 nil
423 2566 573 2645 officiunt,
596 2568 671 2649 quia
690 2570 795 2632 statim
812 2569 929 2645 valent,
950 2572 1005 2631 aut

70 2680 132 2725 non
146 2666 256 2727 valent
269 2666 458 2726 contractus.

109 2761 244 2839 Insuper
258 2760 463 2837 conditiones,
478 2759 548 2821 aliae
563 2765 637 2821 sont
649 2758 808 2840 possibiles,
820 2758 890 2820 alia
900 2757 1005 2836 impos-

71 2855 174 2919 sibiles.
192 2859 248 2919 Hae
267 2876 355 2935 vero,
376 2862 432 2918 aut
452 2856 582 2936 physioe
603 2861 660 2919 aut
679 2857 841 2919 moraliter
859 2854 1005 2934 impossi-

71 2951 158 3032 biles,
175 2952 323 3017 videlioet
335 2954 510 3017 inhonesta
524 2959 556 3015 et
569 2956 689 3033 turpes.

110 3049 142 3111 Si
153 3047 1002 3130 conditiolueritimpossibilisvelnatura,velmoribus,

74 3144 234 3227 distinguit
247 3145 416 3228 Gregorius
430 3150 471 3210 lX
488 3148 571 3228 (cap.
587 3147 644 3209 ult.
662 3147 701 3209 de
721 3144 819 3209 Gond.
842 3146 943 3226 ψῃ),
964 3164 1006 3208 an

75 3239 164 3307 fuerit
187 3249 298 3307 eontra
318 3244 526 3307 substantiam
546 3244 686 3324 eonjugii
705 3262 746 3305 an
767 3262 831 3307 non
847 3262 854 3305 ε
871 3243 1007 3305 siluerit

79 3339 180 3398 eontra
210 3338 419 3401 substantiam
453 3337 612 3414 connubii,
642 3338 731 3400 vitiat
758 3338 1004 3414 matrimonium,

79 3443 162 3492 seons
174 3432 245 3511 ipsa
258 3432 387 3495 vitiatur
399 3449 447 3493 sea
461 3430 584 3509 labetur
596 3450 652 3512 pro
669 3450 727 3493 non
744 3431 871 3511 adjecto,
892 3438 925 3495 et
942 3450 1005 3493 nou

80 3522 172 3603 vitiat,
188 3529 245 3590 sad
259 3528 400 3592 subsistit
413 3528 659 3591 matrimonium.
