2442 4125
180 282 239 342 224
389 289 722 338 rosr1rorronnsson1s
743 289 901 336 cenonrcr.

182 437 320 498 dimento
334 432 389 496 tali
404 431 528 511 publice
543 449 607 492 non
620 436 755 507 constet,
766 449 841 492 cum
848 432 1068 510 incommoda,
1079 435 1119 495 ob

182 550 251 612 qua
266 529 463 591 clandestina
481 528 685 590 matrimonia
700 528 791 590 irrita
810 527 896 590 tacte
916 534 1004 606 sunt,
1031 531 1121 592 tache

180 628 212 688 in
226 627 282 690 tali
296 624 371 686 casu
386 625 492 686 caveri
504 625 636 702 possint.

221 722 271 780 An
286 718 459 780 etiamnum
472 717 504 776 in
514 716 602 791 locis,
615 716 669 776 ubi
679 715 843 778 decretum
852 716 982 778 concilii
991 719 1122 778 Triden-

182 813 238 873 tini
252 831 315 874 non
331 815 378 874 est
392 815 564 889 receptum,
581 818 637 872 aut
649 812 898 891 promulgatum,
914 815 1122 875 matrimonia

183 909 379 971 clandestina
393 909 455 969 sint
468 906 597 968 valida?

223 999 445 1080 Respondetd'r
458 1000 656 1077 affirmative,
672 1000 738 1062 sive
753 999 869 1060 deinde
882 1002 976 1063 locus
991 1003 1060 1079 ille,
1072 1005 1123 1064 uhi

182 1101 349 1158 Decretum
369 1095 429 1157 hoc
450 1095 626 1158 Tridentini
643 1095 891 1176 promulgatum,
916 1097 989 1158 sive
1012 1117 1124 1177 recep

182 1200 250 1254 tum
264 1208 328 1253 non
344 1197 401 1267 est,
415 1191 455 1254 sit
465 1191 648 1268 catholicus,
662 1191 727 1252 sive
738 1191 917 1268 haereticus,
930 1194 1011 1272 quia
1021 1198 1124 1256 cenci·

182 1287 260 1348 lium
281 1302 427 1362 expresse
446 1285 539 1360 dicit,
561 1284 724 1345 decretum
747 1286 809 1344 hoc
826 1303 921 1345 snum
939 1287 1125 1350 invalidans

183 1377 385 1440 matrimonia
395 1377 601 1454 clandestina,
618 1377 716 1438 robur
729 1396 822 1438 suum
836 1396 900 1439 non
915 1379 1056 1453 habere,
1069 1384 1125 1443 nisi

183 1475 216 1536 in
230 1473 382 1554 parochia
395 1473 501 1553 aliqua
515 1474 710 1552 publicatum
724 1473 801 1534 illud
816 1472 923 1550 fuerit,
944 1483 979 1536 et
993 1477 1126 1555 quidem

183 1575 254 1651 post
267 1572 396 1652 triginta
410 1571 477 1631 dies
491 1589 510 1630 a
525 1569 575 1630 die
594 1570 685 1631 factae
705 1570 815 1648 primae
835 1573 1123 1652 promulgationis;

184 1670 216 1726 et
229 1666 303 1724 hinc
316 1682 379 1723 non
393 1667 516 1724 tantum
530 1665 652 1724 certum
666 1667 724 1739 est,
748 1664 834 1743 quod
853 1664 1016 1726 Christani
1037 1668 1126 1746 apud
1209 1744 1210 1753 ἵ

184 1766 302 1824 'lurcos
317 1779 347 1822 v.
364 1780 396 1840 g.
414 1760 540 1838 captivi,
557 1765 613 1824 aut
631 1766 824 1824 mercatores
843 1782 874 1825 v.
897 1783 930 1844 g.
949 1765 1041 1826 inter
1058 1766 1125 1825 infi-

185 1858 271 1920 deles
291 1857 443 1933 viventes,
466 1859 526 1918 etc.
548 1859 671 1937 possint
687 1860 791 1920 valide
807 1860 843 1920 in
859 1861 921 1922 illis
939 1861 1019 1922 locis
1043 1864 1125 1923 clam

186 1951 383 2029 contrahere,
395 1950 461 2012 sine
473 1951 641 2029 praesentia
649 1953 791 2030 parochi,
804 1957 837 2015 et
845 1953 987 2027 testium,
999 1954 1125 2016 etiami

185 2048 218 2109 in
227 2049 296 2111 loco
308 2047 458 2109 domicilii
467 2046 685 2111 Tridentinum
699 2048 735 2111 fit
747 2053 922 2128 receptum,
935 2049 993 2109 sed
1009 2050 1127 2128 proba·

186 2146 248 2207 hile
264 2146 360 2207 etiam
374 2151 432 2222 est,
450 2162 504 2205 eos
519 2143 625 2219 etiam,
643 2144 697 2221 qui
711 2143 752 2204 ad
766 2147 868 2205 terras
882 2144 973 2221 tales,
986 2144 1045 2205 ubi
1058 2146 1126 2207 Tri-

186 2241 350 2302 dentinum
363 2242 609 2320 promulgatum,
623 2244 678 2301 aut
691 2243 855 2319 receptum
869 2258 934 2301 non
944 2248 1005 2316 est,
1017 2244 1125 2305 animo

187 2337 393 2399 contrahendi
408 2339 602 2401 clandestine
617 2338 795 2415 discedunt,
813 2339 918 2400 valide
934 2340 1125 2401 contrahere

188 2429 393 2505 clandestine,
411 2448 483 2491 cum
498 2430 656 2511 peregrini
670 2431 793 2510 legibus
807 2431 890 2492 illius
903 2433 1029 2511 patria,
1048 2451 1125 2512 prae·

188 2523 297 2589 sertim
324 2524 408 2585 circa
434 2530 629 2603 contractus,
658 2527 899 2587 accommodare
933 2545 969 2588 se
1006 2529 1125 2607 possint

189 2621 260 2704 (nisi
275 2621 443 2700 peculiaris
457 2622 563 2701 aliqua
576 2622 629 2681 lex
642 2622 768 2701 obstet),
785 2627 816 2684 et
831 2623 884 2701 qui
900 2640 937 2682 ex
949 2624 1058 2701 patria
1067 2624 1125 2683 dis-

189 2721 317 2795 cedunt,
338 2715 392 2775 ubi
412 2713 586 2777 Tridentini
608 2713 770 2776 decretum
789 2714 850 2776 hoo
873 2719 1042 2793 receptum
1064 2732 1126 2775 non

189 2819 247 2893 est,
264 2832 328 2875 non
342 2811 463 2893 possint
475 2809 507 2869 in
526 2808 608 2884 loco,
632 2810 685 2871 uhi
706 2813 870 2890 receptum
890 2810 1123 2882 Tridentinum,

190 2912 294 2993 quoad
310 2911 370 2972 hoc
390 2907 553 2969 decretum
574 2912 632 2983 est,
655 2906 759 2968 valide
783 2906 978 2968 clandestine
1000 2912 1126 2968 contra-

190 3009 276 3086 here,
308 3024 380 3068 cum
406 3004 591 3083 plerumque
618 3003 651 3063 in
679 3002 812 3065 materia
835 3005 1036 3065 contractum
1059 3002 1125 3083 ejus

189 3105 249 3166 loci
264 3106 361 3185 leges,
374 3108 406 3163 et
419 3099 633 3162 solemnitates
648 3098 771 3159 fervere
785 3098 923 3159 debeant
936 3099 1125 3159 contrahen-

190 3203 248 3274 tea
265 3199 320 3259 ubi
334 3197 534 3259 contrahunt.
552 3194 632 3257 Vide
645 3194 738 3273 plura
751 3194 791 3254 de
809 3193 858 3254 his
879 3192 966 3272 apud
989 3193 1125 3256 Theolo

191 3310 248 3372 gos
263 3292 409 3355 Morales

232 3389 343 3449 Utrum
358 3386 569 3447 necessarium
583 3386 624 3448 sit
641 3385 683 3447 ad
702 3385 843 3447 valorem
862 3383 1068 3462 matrimonii,
1091 3388 1124 3445 nt

193 3482 318 3541 assistat
331 3478 476 3565 proprius
490 3480 654 3561 utriusque
668 3480 884 3544 contrahentis
904 3482 1077 3559 parochus,
1093 3482 1123 3539 et
