2442 4125
198 360 256 425 iso
405 374 635 423 msrrrorronus
656 372 739 419 sums
762 371 917 419 cruorum.

197 522 282 602 qood
310 539 373 582 non
396 525 443 582 est
465 521 538 582 tale.
565 518 628 582 Sed
651 522 799 598 possetne
824 518 928 578 faeere
957 518 1045 597 quod
1081 537 1154 581 non

197 620 289 694 esset,
302 616 457 697 quodtale
468 615 568 677 esset?
579 618 647 676 Non
659 618 744 677 certo
756 617 826 692 post
836 616 1049 691 oontraotum,
1069 615 1153 694 quia

197 716 330 792 fantum,
350 715 500 777 infactum
518 715 588 775 fieri
606 731 668 775 non
687 716 801 792 potest.
824 711 887 774 Sed
906 715 1063 789 possetne
1087 712 1152 773 im-

196 812 305 891 pedire
323 812 490 892 quominus
508 812 573 888 fiat,
594 810 757 872 reddendo
777 808 912 885 irritum,
928 808 955 869 si
975 812 1149 871 tentatum

197 908 314 969 fuerit?
328 908 463 980 Qoaestio
478 907 512 968 io
527 908 609 967 hone
624 905 791 967 resolvitur
802 921 867 977 ;-an
883 905 923 965 ob
938 904 1040 964 finem
1056 904 1150 966 utili-

196 1004 268 1066 tatis
282 1005 415 1082 publieae
431 1007 462 1065 et
479 1003 664 1078 eommunis,
680 1003 788 1082 posset
802 1000 926 1061 effioere
943 1002 978 1060 ut
994 1006 1147 1061 eontrao

196 1101 248 1157 tos
267 1096 332 1175 qui,
348 1096 415 1156 solo
432 1096 505 1175 jure
526 1095 662 1157 naturali
683 1096 834 1173 inspecto,
851 1093 1054 1170 subsisteret,
1071 1093 1147 1173 jore

196 1190 280 1251 eiviii
302 1190 468 1254 irritetur?
490 1193 539 1252 An
562 1191 661 1269 possit
684 1190 724 1250 ob
749 1193 911 1251 externam
934 1188 1145 1251 honestatem

197 1287 426 1349 communitatis
446 1295 478 1347 et
498 1290 663 1349 externum
681 1285 824 1347 ordinem
842 1302 1006 1364 apponere
1030 1286 1144 1347 eondi-

196 1382 296 1442 tiones
311 1381 475 1461 quasdam,
492 1382 606 1462 quibus
622 1399 684 1443 non
704 1380 847 1456 servatis,
864 1382 1051 1441 eontraotus
1073 1382 1141 1442 irri-

196 1477 322 1540 tussit?

235 1574 376 1651 implexa
396 1574 527 1652 quaetio
549 1579 608 1636 est.
631 1574 710 1632 Nam
731 1588 769 1631 ex
789 1587 852 1629 una
872 1572 974 1649 parte,
1000 1570 1140 1633 societas

196 1670 434 1730 matrimonialis
457 1687 520 1730 non
548 1673 596 1730 est
623 1669 768 1728 humanae
796 1664 1014 1742 institutionis,
1045 1667 1138 1727 sicuti

196 1764 269 1821 sunt
283 1761 587 1821 oseterioontraetus
607 1761 640 1821 in
660 1760 784 1840 quibus,
805 1759 878 1820 lieet
897 1757 1052 1837 obligatio
1066 1760 1137 1839 jure

196 1854 330 1913 naturali
345 1857 503 1931 nascetur,
516 1858 621 1915 tamen
638 1872 676 1915 ex
691 1854 835 1914 humanis
850 1850 972 1930 plaoitis
988 1856 1137 1915 statuun-

196 1955 247 2007 tur
261 1948 467 2026 conditiones,
484 1950 540 2011 sed
554 1969 574 2011 a
587 1952 652 2012 Deo
671 1950 739 2029 ipso
758 1948 938 2008 immediate
959 1950 991 2008 et
1009 1950 1045 2007 in
1060 1967 1138 2011 eon-

196 2049 281 2108 ereto
313 2048 417 2126 quoad
450 2066 560 2109 omnes
591 2038 665 2110 suas
697 2044 952 2121 constitutioneS,
984 2045 1136 2107 omnibns

196 2144 335 2205 numeris
353 2145 521 2206 constitute
540 2149 597 2207 est.
620 2146 703 2224 Ergo
721 2143 746 2203 si
766 2145 957 2205 ooneurrnnt
976 2143 1136 2206 conditio-

196 2254 251 2296 nes
269 2256 377 2299 omnes
394 2239 466 2317 jure
489 2240 593 2303 divino
616 2239 804 2317 constituta,
818 2239 885 2320 jem
903 2256 961 2318 per
978 2256 1014 2298 se
1037 2239 1135 2300 habet

196 2349 285 2390 suum
299 2332 479 2395 firmitatem
494 2355 552 2397 neo
567 2338 671 2414 potest
688 2335 757 2396 fieri
777 2338 813 2396 ut
834 2352 896 2395 uon
918 2335 957 2395 sit
978 2333 1057 2394 dum
1074 2342 1131 2412 est,

196 2425 286 2486 sicuti
306 2444 367 2486 non
387 2434 489 2506 potest
507 2433 586 2509 fieri,
603 2438 638 2493 ut
657 2432 696 2493 sit
709 2431 762 2491 ubi
778 2449 841 2515 non
856 2437 913 2492 est.
930 2431 1014 2509 Ergo
1036 2431 1135 2493 babet

196 2524 342 2582 naturam
352 2522 423 2603 jure
438 2525 576 2589 humano
591 2527 820 2606 intangibilem.

236 2617 299 2678 Sed
313 2622 521 2699 respondetur
535 2624 709 2702 prinoipem
722 2624 796 2683 lioet
814 2641 878 2684 suae
898 2623 1048 2699 potestati
1067 2643 1129 2686 non

196 2714 349 2777 subdatur
362 2718 607 2797 matrimonium,
622 2719 746 2781 irritare
766 2718 1000 2780 matrimonium
1021 2725 1129 2798 quate-

195 2829 255 2872 nus
282 2830 347 2873 suae
375 2815 522 2892 potestati
549 2815 726 2877 subduntur
753 2814 992 2885 oontrahentes3
1025 2821 1130 2892 potest

194 2906 317 2969 imitare
330 2908 455 2970 illorum
468 2926 668 2986 eonsensum,
684 2913 716 2970 et
730 2927 768 2970 ea
781 2911 934 2987 potestate
945 2925 964 2966 a
974 2909 1039 2968 Deo
1054 2926 1128 2969 eon-

194 3020 283 3063 eessa
295 3003 328 3063 in
341 3005 461 3066 bonum
474 3009 584 3082 status,
598 3005 718 3066 minuet
730 3004 803 3085 J'ura
812 3002 965 3064 individui
976 3002 1126 3081 probono

195 3103 438 3165 communitatis.

197 3259 201 3263 ,
235 3195 311 3254 ΝοΙο
332 3216 382 3258 me
403 3200 579 3261 immiscere
597 3199 630 3259 in
648 3198 800 3260 solvenda
820 3199 881 3259 heo
899 3199 1124 3276 controversia,

194 3291 369 3366 prasertim
383 3312 455 3354 eum
468 3296 574 3358 striete
589 3314 652 3357 non
667 3296 784 3357 efficiat
796 3313 864 3356 rem
878 3297 1027 3354 nostram.

235 3386 361 3446 Certum
382 3395 570 3469 esttamen,
594 3393 680 3472 quod
701 3394 751 3453 vel
772 3392 949 3453 dirimentis
969 3391 1018 3450 vel
1036 3409 1123 3456 mere

194 3481 384 3559 prohibitiva
398 3485 623 3560 impedimenta
636 3488 770 3567 prineipi
784 3489 807 3548 si
828 3488 874 3548 fas
893 3488 933 3549 sit
950 3505 1122 3568 apponere,

194 3575 226 3632 in
242 3589 278 3632 eo
294 3573 411 3635 habent
423 3574 553 3636 limitem
568 3580 619 3656 qui
635 3581 675 3640 ab
693 3582 762 3658 ipsa
779 3587 892 3642 natura
911 3585 957 3643 est
975 3581 1122 3646 eonstitu-
