2442 4125
303 376 343 421 ns
364 374 494 422 cassem
513 377 596 423 111111
618 342 775 424 circumi.
948 368 1002 427 131

50 520 145 583 ses?
164 522 234 599 lpse
255 538 319 583 non
336 521 433 585 debet
452 522 630 602 gobernare
651 522 794 584 homines
812 524 916 603 prouti
936 542 1005 588 esse
1061 588 1064 593 .

52 618 233 695 deberent,
249 618 306 678 sed
319 620 425 697 prouti
437 622 521 681 sont.
539 620 618 680 Cum
632 637 695 682 non
709 620 809 698 possit
822 620 863 681 od
883 621 1006 700 perfee-

50 714 189 777 ticnem
211 714 388 791 adducere,
417 718 508 777 curat
530 732 550 777 s
572 714 772 794 pravioribus
795 716 885 777 malis
909 719 1006 779 conti·

52 830 155 873 nere.

107 906 308 968 Assumendo
322 924 399 987 ergo
413 907 584 970 divortium
596 906 701 987 prouti
719 908 751 969 in
768 908 852 971 lacto
865 908 1005 988 positum

56 1003 148 1077 erat,
167 1003 259 1063 curat
276 1001 431 1063 utrarios
448 1003 514 1078 liet,
531 1003 563 1063 et
580 1001 626 1062 its
639 1000 721 1062 hanc
735 1019 804 1063 rem
822 1000 1005 1063 moderatur

56 1102 102 1161 ut
115 1096 191 1159 tatis
204 1096 324 1159 indicet
337 1095 526 1159 matrimonii
540 1096 702 1159 vinculum
716 1115 779 1158 non
793 1098 932 1159 dissolvi.

107 1195 144 1255 G.
164 1209 250 1270 11111,
267 1195 394 1256 Denter.
416 1213 423 1253 :
447 1192 487 1255 Si
502 1193 647 1272 acceperit
665 1192 749 1253 lamo
766 1212 887 1255 acorem
905 1202 933 1255 et
951 1194 1005 1256 ta-

61 1289 163 1351 buerit
180 1308 256 1364 eam,
279 1299 310 1349 et
330 1306 387 1349 core
407 1288 551 1349 11111111νί1
569 1288 699 1369 proriam
721 1298 789 1350 aute
811 1288 906 1350 oculos
926 1290 1003 1369 qur,

58 1394 192 1467 propter
204 1385 335 1467 aliquam
348 1382 510 1464 feditatem
530 1384 575 1464 (id
588 1390 656 1448 est:
670 1385 725 1449 Vel
741 1387 782 1448 oh
798 1385 1001 1463 adulterium,

60 1483 175 1545 veleb
192 1483 271 1543 elius
288 1500 412 1559 causas,
429 1482 512 1543 unde
531 1483 683 1544 damnum
701 1482 783 1560 tiliis,
799 1484 850 1544 rel
864 1482 1003 1544 dedecus

60 1581 182 1643 marito
195 1582 302 1660 posset
315 1579 494 1654 imminere;
506 1580 551 1642 ite
564 1580 790 1653 communiter;
807 1580 927 1641 mslom
941 1579 1002 1641 hoc

60 1696 131 1739 non
143 1682 269 1739 tantum
282 1677 460 1756 physicum,
476 1677 531 1739 sed
550 1678 670 1739 morale
689 1675 894 1757 intelligetur)
908 1697 914 1738 :
931 1676 1004 1737 scri-

62 1773 113 1833 bet
131 1772 261 1835 libellum
281 1772 407 1852 repudii,
428 1780 457 1833 et
471 1772 555 1833 dabit
574 1773 605 1834 iu
623 1792 713 1835 mauu
731 1773 810 1835 illius
826 1781 855 1834 et
875 1772 1004 1835 dimittet

60 1887 130 1929 eam
154 1867 296 1930 dedomo
321 1888 385 1929 ura.
415 1868 547 1950 Cumque
568 1887 681 1948 eprecsa
708 1870 833 1931 alterum
860 1870 1001 1930 maritum

60 1960 206 2034 duxerit,
228 1969 257 2022 et
275 1961 325 2023 ille
341 1980 455 2042 quoque
471 1960 568 2021 aderit
585 1978 667 2035 eam,
688 1960 857 2040 dederitque
875 1960 903 2021 ei
919 1959 1001 2022 lidel-

63 2058 128 2119 lum
142 2057 272 2139 repudii,
288 2066 317 2119 et
330 2057 474 2120 dimiserit
486 2055 522 2119 de
535 2055 695 2134 1111111111,
711 2056 759 2118 uel
776 2067 854 2119 certe
868 2065 1002 2118 mortuus

60 2154 169 2233 fuerit,
191 2172 249 2214 uon
267 2154 377 2234 poterit
393 2155 480 2234 prior
498 2154 625 2215 maritus
645 2153 772 2234 recipere
792 2171 854 2214 eam
875 2153 907 2212 iu
927 2171 1002 2214 uuo-

61 2268 150 2326 rem;
162 2249 232 2330 puio
244 2249 356 2331 polluta
369 2259 452 2312 estet
464 2249 666 2311 abominabilia
678 2251 758 2330 [oeta
771 2257 813 2311 est
826 2267 924 2311 eoram
938 2247 1000 2310 Do·

61 2348 145 2408 miuo
156 2367 170 2425 ;
192 2367 228 2409 oe
246 2367 368 2429 peceare
388 2348 481 2428 farios
505 2357 613 2411 terram
636 2357 716 2410 tuom
743 2369 831 2431 quom
859 2349 1001 2412 Dominus

61 2444 144 2506 Deus
159 2453 226 2504 tuus
240 2443 397 2509 tradiderit
411 2445 467 2505 tihi
476 2444 692 2526 possidendam.

104 2541 221 2618 berit,
236 2557 302 2618 xx1,
317 2545 354 2604 7:
371 2540 508 2602 Scortum
522 2551 550 2603 et
564 2542 621 2604 uile
632 2542 825 2622 prostibulum
841 2543 1001 2623 (sacerdo-

61 2636 125 2715 tes)
139 2655 198 2696 uon
209 2635 316 2698 ducent
328 2656 445 2716 uxores,
461 2655 512 2699 uec
525 2657 589 2699 eom
601 2657 668 2719 quie
681 2638 836 2720 repudiata
850 2645 893 2699 est
907 2657 925 2698 a
940 2657 999 2698 ma·

62 2731 134 2803 rito,
150 2731 220 2811 poia
233 2733 392 2793 eoneoerati
403 2744 471 2795 suut
484 2733 546 2795 Deo
559 2752 620 2795 suo.

187 2829 234 2888 Ex
247 2828 398 2908 disputet
414 2851 421 2892 :

105 2927 138 2984 1ο
152 2924 205 2985 Uli
218 2925 366 2988 observet
379 2926 583 3007 Augustinus,
603 2927 688 3007 quod
707 2944 779 2987 cum
793 2925 917 3002 Moyses
935 2939 1000 2983 non

62 3017 230 3099 potuisset,
245 3019 287 3081 ob
304 3021 454 3084 duritiem
467 3021 683 3097 llaebreorum,
700 3019 848 3081 cohihere
867 3017 997 3095 molum,

62 3119 156 3175 curet
174 3114 252 3175 iliud
274 3121 435 3178 cumulare
456 3133 518 3196 quo
536 3116 648 3177 melius
668 3119 782 3194 potest.
807 3115 877 3174 lluc
899 3112 999 3175 tendit

41 3199 46 3205 ’
62 3211 189 3272 libellus
200 3211 335 3290 repudii,
352 3213 406 3292 qui
424 3213 457 3273 in
470 3213 606 3292 scriptis,
622 3228 729 3273 coram
750 3211 927 3272 scribarum
941 3227 1000 3270 nn-

63 3326 163 3386 mero,
179 3312 212 3370 11
225 3309 349 3371 duobus
360 3310 493 3372 testibus
508 3308 741 3370 scribebatur...
759 3306 999 3369 Circumstantis

63 3421 173 3466 omnes
188 3423 259 3484 quse
273 3405 431 3482 fecissent,
446 3409 482 3467 ut
495 3405 527 3465 in
541 3410 620 3466 aestn
636 3403 691 3465 irae
711 3408 742 3466 et
759 3403 997 3483 indignationis,

63 3499 119 3560 sed
132 3500 241 3560 animo
255 3504 367 3580 pacato
378 3504 411 3564 11
422 3501 536 3581 majori
551 3501 802 3563 consideratione
816 3497 997 3572 accedente,

63 3595 232 3676 repudium
245 3593 404 3656 difficilius
417 3595 518 3657 fieret.
612 3599 617 3610 ’
