2442 4125
327 306 366 350 na
387 306 515 354 caruero
535 308 619 355 runis
640 310 796 359 aaronica
989 308 1029 366 'ltt

132 450 343 511 Consistentes
351 450 444 511 nullis
455 451 587 530 emplius
595 451 756 515 laboribus
764 456 1026 537 subjiciebantur,

86 564 166 608 cum
180 546 325 607 fidelibus
338 546 442 609 missae
459 548 614 610 sacrificio
632 549 817 628 intererant,
833 556 919 636 qnod
933 562 1028 621 caete-

84 644 134 704 ris
148 642 294 704 fidelibus
308 646 339 704 at
353 643 587 705 catechumenis
600 644 795 727 denegatum
809 654 887 729 eret,
904 656 937 716 ct
953 672 1026 715 cnm

85 741 214 801 caetcris
238 738 383 801 fidelibus
405 758 513 819 preces
537 741 722 805 fundebant.
748 747 907 825 Attamen,
932 757 1027 828 prout

4 858 8 861 “
85 837 255 899 definitum
272 837 405 917 legimus
425 854 494 915 cap.
516 854 549 899 xs
572 840 667 901 Gono.
691 841 821 919 Nicaeni,
847 846 1021 907 sollerte»

85 953 155 995 non
170 938 326 1013 poterent,
342 934 475 1013 proinde
486 953 543 997 nec
558 936 597 997 de
613 937 811 1001 Eucharistia
823 941 1023 1021 participare.

85 1033 211 1091 Horum
232 1029 319 1090 locus
340 1030 372 1090 iu
392 1030 524 1091 ecclesie
542 1032 583 1093 ab
603 1033 737 1095 ambone
756 1053 858 1116 nsque
872 1036 913 1099 ad
926 1039 1026 1101 altare

84 1128 174 1187 inter
194 1142 303 1185 omncs
324 1129 457 1203 constat,
481 1128 537 1187 sed
558 1146 622 1189 non
642 1129 688 1190 ita
705 1132 901 1209 exploratum
919 1138 967 1195 est
984 1154 1025 1197 an

85 1221 236 1301 permixti
251 1226 356 1283 essent
365 1240 436 1283 cum
446 1222 568 1284 caeteris
578 1223 725 1285 fidelibus
735 1226 820 1287 nullo
831 1228 1023 1306 discrimine,

83 1336 128 1378 an
144 1318 247 1395 potius
261 1318 302 1378 ab
322 1318 382 1379 illis
397 1317 540 1398 sejuncti.
557 1320 775 1382 verosimilius
790 1326 838 1385 est
855 1342 910 1386 eos
925 1326 1024 1387 fuisse

84 1412 259 1493 sejunctos,
283 1431 358 1474 nem
368 1428 480 1491 secus,
504 1415 545 1476 ad
567 1416 724 1479 cancellos
743 1421 914 1481 sanctuarii
935 1440 1026 1484 acce·

84 1514 166 1574 dere
179 1513 363 1592 potuissent,
380 1532 399 1574 a
414 1515 528 1594 quibus
543 1532 604 1577 non
620 1516 787 1579 offerentes
803 1523 835 1580 et
856 1537 920 1581 non
939 1538 1025 1581 com-

82 1608 285 1691 municantes
300 1610 501 1672 arcebantur.

126 1705 177 1766 Ab
192 1706 252 1767 bac
267 1705 439 1786 disciplina
454 1708 581 1770 dellexit
594 1708 761 1771 sevefitate
772 1710 912 1773 Ecclesia
922 1711 1023 1773 crien-

82 1801 160 1862 talis
179 1805 261 1881 post.
279 1820 350 1864 saec.
368 1805 596 1883 1v,etpcssim
615 1805 777 1885 abrogatae
795 1811 869 1869 sunt
887 1808 1022 1886 publice

84 1898 281 1977 poenitentias
309 1899 470 1961 stationes.
499 1900 641 1961 Ecclesia
671 1901 771 1962 latina
795 1904 938 1965 tenacior
963 1903 1023 1966 fuit

83 1992 202 2057 veteris
225 1993 408 2074 disciplina.
430 1997 577 2057 Attamen
597 1999 759 2074 postesse.
783 2015 829 2062 tn
848 1999 935 2061 nulle
954 2016 1023 2059 em-
1077 2001 1081 2009 ’

83 2091 169 2172 plius
184 2091 370 2152 solemnium
385 2091 577 2172 poenitentiae
593 2091 764 2154 stationum
778 2095 896 2157 mentio
911 2113 1022 2156 occur

82 2187 145 2260 rit;
163 2189 277 2267 etpost
291 2205 363 2250 saeo.
375 2204 407 2248 xi
422 2189 515 2268 plane
531 2189 684 2269 abrogata
698 2187 824 2251 videtur
836 2189 1022 2271 poenitentia

82 2281 224 2361 publica,
242 2301 339 2363 quum
354 2302 428 2346 usus
442 2284 696 2365 invaluitpoenas
706 2286 874 2349 canonicas
885 2288 1020 2350 eleemo-

83 2380 184 2459 synis,
201 2380 398 2460 expeditione
412 2387 505 2444 terrea
520 2386 637 2445 sancte
652 2381 840 2447 redimendi.

124 2479 164 2540 V.
182 2476 246 2537 Sed
259 2477 354 2538 etiam
368 2495 431 2538 non
446 2496 526 2539 nnus
541 2478 599 2541 luit
619 2480 733 2542 modus
751 2482 913 2562 infligendi
927 2482 1020 2546 susti-

83 2572 244 2651 nendique
257 2574 395 2650 privatas
409 2574 621 2654 poenitentias.
635 2578 715 2637 Nam
723 2578 819 2640 etiam
830 2578 936 2659 quoad
950 2579 1020 2640 nec

83 2666 211 2729 videtur
224 2667 355 2748 rigidior
368 2671 509 2750 antiqua,
526 2672 693 2752 benignior
711 2693 821 2734 recens
841 2673 1017 2751 disciplina.

83 2767 165 2825 Nam
187 2783 350 2846 quousque
370 2766 481 2847 viguit,
503 2768 553 2828 vel
572 2769 668 2829 etiam
689 2770 836 2844 habente,
854 2769 903 2828 vel
925 2767 1020 2830 etiam

82 2861 191 2923 statim
212 2877 249 2922 ac
270 2855 404 2923 cessavit
427 2865 548 2924 vetusta
566 2865 760 2942 poenitentiae
777 2862 912 2945 publica
927 2862 1019 2924 disci-

82 2957 181 3036 plina,
199 2974 237 3017 ea
250 2955 375 3018 videtur
388 2955 484 3017 luisse
499 2958 585 3019 velat
601 2963 790 3038 prototypus
807 2973 973 3033 poenarum
987 2959 1020 3019 et

81 3055 114 3114 in
129 3053 317 3132 poenitentia
330 3052 453 3132 privata
473 3053 727 3133 infligendarum.
744 3053 828 3114 Libri
849 3052 932 3113 enim
950 3071 1020 3134 poe-

82 3147 261 3209 nitentiales
275 3164 332 3206 seu
346 3146 471 3207 codices
484 3163 652 3225 poenarum
671 3163 728 3224 pro
748 3144 898 3225 qualitate
913 3146 1021 3207 crimi-

82 3261 159 3304 num
188 3261 207 3304 e
234 3242 458 3320 poenitentibus
483 3241 750 3320 sustinendarum,
780 3243 834 3323 qui
861 3261 900 3303 ex
923 3243 1018 3304 variis

83 3339 288 3402 ecclesiarum
316 3339 488 3402 canonibus
517 3339 671 3401 elaborati
697 3344 729 3400 et
756 3337 880 3402 collecti
908 3344 1016 3415 erant,

80 3437 320 3518 praestituerunt
346 3435 476 3498 modum
503 3435 720 3498 sacerdotibus
744 3436 835 3517 juxta
863 3455 959 3518 quem
985 3437 1017 3497 in

81 3535 205 3614 privata
220 3533 315 3597 etiem
330 3532 515 3612 poenitentia
528 3549 640 3611 poenas
652 3532 841 3613 infligerent.
