2442 4125
305 394 344 441 ns
365 394 495 442 cersona
514 396 597 442 senis
620 396 776 444 ctuomol.
949 388 1007 447 143

58 564 82 607 a
98 542 232 622 publica
246 541 433 603 auctoritate
446 557 506 620 pro
519 544 649 605 externo
670 542 829 607 societatis
849 544 960 607 ordine
975 550 1006 609 et

59 641 236 703 honestate
250 636 420 698 moderari.
930 668 933 675 =

106 736 191 797 Vlll.
208 736 249 795 At
262 733 376 795 Christi
389 733 503 812 gratia,
514 734 547 794 in
557 735 741 813 ampliorem
757 735 940 799 societatem
953 756 1006 800 ac-

61 832 122 893 citi
135 848 256 905 sumus,
272 829 446 890 Ecclesiam
460 829 542 891 dico.
565 832 708 911 Namque
729 831 800 893 linis
822 832 894 893 huie
909 834 1006 895 scoie-

59 928 125 991 tati
138 926 319 1007 propositus
326 930 374 987 est
382 926 452 986 linis
462 927 710 1005 supernaturalis
724 930 756 988 et
770 932 896 991 aeterne
907 929 1007 992 beati-

61 1021 200 1098 tudinis,
212 1020 266 1100 qui
279 1020 354 1080 finis
364 1036 438 1081 eum
448 1021 589 1081 omnium
599 1020 765 1083 hominum
774 1022 824 1101 sit,
837 1023 869 1083 in
880 1025 1006 1086 univer·

63 1136 141 1180 sum
163 1118 336 1177 humanum
353 1135 471 1196 genus,
493 1116 562 1178 haec
580 1118 713 1179 societas
731 1120 939 1197 protenditur.
964 1124 1006 1185 Ut

63 1210 1001 1296 huncfinemassequerenturquoedampositivaauctorites,

65 1310 194 1388 abipso
209 1307 331 1369 Christo
346 1305 528 1367 immediate
542 1314 574 1367 et
587 1307 620 1367 in
635 1312 783 1372 concreto
796 1315 844 1372 est
863 1311 1006 1376 instituta

66 1409 244 1467 autcncma
256 1407 290 1464 et
302 1400 530 1483 independens,
546 1402 638 1483 eique
652 1406 813 1483 provincia
825 1406 1006 1487 plenissima

67 1503 156 1562 facta
169 1504 227 1576 est,
250 1504 286 1562 nt
304 1499 446 1560 divinam
467 1500 581 1579 legem,
605 1518 669 1581 qua
689 1501 781 1579 fidei,
797 1522 861 1584 qua
881 1522 1005 1567 morum

67 1594 216 1656 homines
229 1593 369 1670 doceret,
385 1594 591 1655 sacramentis
605 1594 761 1674 collapsas
779 1601 900 1658 naturae
921 1597 1004 1659 vires

66 1695 285 1761 restauraret,
313 1690 525 1750 sanctificaret
551 1690 711 1768 homines,
738 1694 770 1753 et
792 1690 906 1755 divinae
926 1692 1005 1772 legis

67 1790 232 1865 praecepta
249 1801 307 1863 pro
331 1786 483 1845 statutum
505 1784 658 1845 varietate
681 1783 891 1865 adimplendae
912 1805 1005 1867 pares

69 1880 221 1955 efficeret,
239 1883 272 1941 et
285 1880 436 1957 appositis
448 1879 573 1959 legibus
586 1881 792 1958 prospiceret,
808 1885 843 1944 ut
862 1882 1005 1943 homines

69 1980 270 2039 sacramenta
283 1977 489 2055 susciperent,
505 1977 704 2045 honestatem
717 1982 918 2040 servarent...
936 1982 1004 2041 Uno

69 2074 169 2136 verbe
197 2076 234 2134 ut
259 2090 364 2134 mores
391 2073 556 2135 hominum
578 2073 753 2135 conflueret
775 2073 808 2134 in
830 2074 940 2134 ordine
964 2074 1005 2134 ad

69 2169 169 2230 finem
182 2169 465 2247 supernaturalem.

111 2269 179 2327 Hac
205 2265 307 2344 posita
333 2265 546 2343 institutione,
576 2265 813 2328 matrimonium
835 2265 1005 2346 aequisivit

71 2361 244 2442 quamdam
257 2362 453 2439 relationem,
478 2381 516 2422 ex
533 2365 599 2423 toto
619 2362 790 2442 propriam,
811 2362 1005 2424 exclusivum

72 2458 319 2546 quodammodo,
335 2461 368 2520 et
381 2458 573 2537 singularem
587 2476 660 2519 eum
674 2459 734 2520 hac
754 2460 914 2543 societate.
938 2461 1005 2521 Hoc

71 2571 158 2630 vero,
180 2554 247 2614 sive
268 2557 423 2633 quatenus
444 2555 485 2614 ad
505 2573 608 2616 mores
628 2555 813 2618 relationem
832 2557 917 2632 dicit,
938 2555 1005 2617 sive

73 2654 229 2729 qnatenus
249 2653 483 2711 sacramentum
504 2657 561 2712 est.
585 2654 665 2712 Nam
682 2652 763 2731 juris
788 2653 916 2713 moralis
941 2668 1004 2710 non

73 2747 187 2826 camna
200 2765 273 2826 pars
287 2750 335 2808 est
345 2746 397 2826 jus
412 2747 654 2823 matrimoniale,
670 2765 733 2808 non
748 2749 863 2826 exigua
872 2764 946 2824 pars
957 2750 1004 2806 est

71 2840 150 2920 legis
164 2840 303 2901 moralis.
320 2842 404 2920 Ergo
417 2841 567 2918 Ecclesia,
584 2840 649 2902 sive
669 2845 826 2922 quatenus
845 2839 1005 2900 moralita-

73 2937 112 2996 tis
125 2939 174 2997 est
186 2936 339 3016 magistra
358 2935 546 3013 infallibilis,
556 2937 622 3000 sive
642 2941 797 3017 quatenus
813 2939 861 2998 est
879 2933 1005 3013 sapien-

72 3031 194 3093 tissima
220 3050 345 3093 morum
371 3033 594 3112 gubernatrix,
620 3033 673 3113 jus
702 3033 798 3094 hahet
831 3031 1004 3092 definiendi

12 3137 16 3142 '
74 3129 278 3208 quandonam
303 3131 540 3191 matrimonium
569 3129 712 3192 contrahi
735 3129 851 3208 possit,
875 3125 1002 3209 quando

74 3243 135 3286 nen
150 3226 259 3304 pessit,
281 3230 312 3288 et
330 3227 481 3306 appositis
499 3225 634 3306 legibus,
661 3243 772 3288 cavere
797 3230 832 3288 ut
854 3225 923 3304 rite,
949 3226 1005 3287 ho-

74 3324 160 3383 neste
176 3323 392 3384 contrahatur.

113 3420 182 3489 Qua
195 3421 285 3496 parte
298 3436 374 3479 vero
389 3420 621 3478 sacramentum
633 3423 680 3478 est
689 3418 937 3492 matrimonium,
948 3435 1004 3477 seu

76 3509 224 3568 naturalis
238 3508 429 3570 matrim0nii
444 3512 623 3570 conmeatus
637 3510 678 3570 ad
699 3511 887 3572 sacramenti
911 3515 1004 3570 netu-

76 3621 141 3664 ram
156 3606 297 3668 elevatus
311 3611 370 3682 est,
385 3605 482 3668 talem
496 3605 652 3668 contraxit
666 3606 895 3680 habitudinem,
912 3608 943 3663 et
957 3621 1013 3662 re-
