2442 4125
186 331 246 392 306
393 341 623 388 rusnrunouus
643 341 727 386 ruris
749 341 905 387 canonici.

187 487 311 570 probati
326 486 534 566 doctoresque
547 485 623 548 facti
637 487 751 547 essent.
768 485 845 546 Inde
858 485 956 548 variae
967 505 1127 566 apparue-

187 588 261 647 runt
274 585 383 646 ocrea
394 582 553 644 doctorales
566 601 624 661 pro
639 582 733 644 variis
747 582 951 646 facultatibus
965 597 1049 663 quas
1064 586 1128 646 eol-

187 683 271 760 legia
297 680 462 741 doctorum
485 678 693 740 decurialium
720 675 916 758 singularum
936 678 1128 742 facultatum

188 764 402 839 conferebant.
419 777 465 835 Ne
479 781 585 836 autem
600 775 649 836 hae
664 775 780 836 laureae
794 775 985 851 doctorales,
1005 794 1079 854 quae
1093 778 1126 836 iu

187 879 276 937 tauta
302 875 393 935 erant
419 871 647 947 aromaticae,
682 871 858 950 praesertim
890 871 1066 950 theologiae
1096 878 1128 934 et

188 968 348 1031 canoniea
359 967 627 1048 jurisprudentiae,
644 984 702 1044 pro
712 966 808 1028 rebus
821 967 1046 1028 ecclesiasticis
1057 987 1126 1046 pro·

187 1066 398 1144 penderentur
410 1063 559 1142 indignis,
576 1062 711 1124 obtinuit
725 1067 759 1124 ut
780 1062 905 1122 nonnisi
925 1067 1002 1141 post
1025 1065 1125 1144 quod-

188 1162 263 1222 dam
276 1159 518 1221 determinatum
537 1173 694 1218 annorum
714 1157 915 1235 tyrocinium,
942 1162 975 1219 et
999 1161 1127 1220 nonnid

188 1273 245 1333 per
254 1255 359 1315 varios
369 1254 487 1333 gradus
496 1253 706 1329 academicos,
718 1251 1124 1328 videlicetbecculoueeatus
1138 1305 1144 1312 .

188 1347 348 1410 licentiatus
363 1349 394 1408 et
407 1347 572 1426 maqrsteru'
583 1365 640 1408 seu
653 1345 829 1423 doctoratus,
844 1348 1022 1427 insingulis
1037 1367 1127 1429 repe-

187 1445 245 1506 tito
259 1448 292 1504 et
303 1442 454 1504 severiori
468 1442 612 1504 examine
627 1443 864 1504 concederetur.

228 1541 302 1602 Haec
317 1539 422 1600 omnia
439 1539 511 1619 plus
530 1537 635 1600 minus
656 1539 749 1601 etiam
771 1537 975 1617 sequentibus
1002 1542 1126 1602 saeculis

188 1640 314 1698 servata
327 1640 414 1709 sunt;
431 1636 487 1696 sed
501 1638 594 1696 aucto
608 1635 774 1696 deuterum
793 1651 924 1696 numero
940 1639 974 1696 et
988 1635 1126 1714 profusis

189 1732 286 1793 nimia
306 1731 527 1811 prodigalitate
551 1731 685 1807 laureis,
710 1730 881 1804 viluerunt,
906 1733 939 1792 et
961 1731 1041 1793 inde
1066 1751 1126 1794 nou

189 1825 323 1904 amplius
336 1828 425 1888 tanta
438 1826 498 1887 illis
511 1827 743 1904 responderunt
756 1825 930 1905 privilegia.

229 1923 330 2000 Reges
344 1920 439 1982 etiam
452 1920 708 1982 universitatibus
729 1920 888 2000 singulare
910 1921 943 1980 et
962 1922 1125 1998 peculiare

191 2015 382 2097 presidium,
397 2019 586 2097 potestatem
600 2015 779 2095 delegatam
793 2017 824 2077 et
838 2015 1078 2094 exemptionem
1088 2018 1125 2079 ab

191 2114 338 2177 onenbus
371 2115 516 2194 publicis,
554 2113 771 2188 indulserunt3
803 2114 886 2175 unde
910 2124 1126 2177 conservatores

190 2214 303 2274 horum
317 2211 552 2292 privilegiorum
572 2209 622 2270 vel
636 2210 796 2289 regiorum
810 2210 860 2272 vel
875 2211 1125 2289 apostolicorum

190 2309 380 2370 habuerunt.

575 2400 623 2449 ΙΙΙ,
635 2400 737 2457 collegia.

230 2499 282 2560 ΙΙΙ.
300 2498 363 2559 Sed
377 2501 465 2561 tanta
478 2500 717 2561 universitatum
730 2500 824 2575 fama,
840 2500 1040 2563 institutione
1055 2502 1120 2581 plu-

190 2593 341 2655 rimarum
363 2592 496 2653 aliarum
516 2592 756 2654 universitatum
770 2592 811 2653 ad
827 2592 1036 2655 imitationem
1053 2594 1122 2654 illa-

188 2708 276 2767 rum,
293 2690 433 2751 decrevit
456 2706 551 2768 quam
573 2688 725 2761 maxime3
752 2688 976 2769 multomagis
999 2690 1122 2751 institu-

190 2789 275 2849 tione
289 2786 506 2865 collegiorum.

229 2883 319 2946 Dicta
338 2882 465 2943 inerunt
486 2880 619 2959 collegia
643 2880 885 2943 communitates
910 2882 961 2942 vel
988 2881 1122 2961 hospitia

189 2978 408 3059 religiosorum
423 2977 476 3056 qui
489 2977 665 3038 litterarum
684 2994 779 3037 causa
792 2976 922 3038 adibant
942 2976 1121 3038 academias

90 3104 97 3117 ·
190 3074 342 3153 publicas,
371 3090 428 3133 seu
454 3071 674 3133 universitates
700 3071 876 3133 studiorum
899 3078 934 3133 ut
957 3092 978 3133 a
1001 3072 1121 3135 caeteris

190 3170 383 3232 secularibus
402 3168 562 3247 discipulis
580 3172 746 3229 manerent
764 3168 900 3248 separati
908 3169 947 3228 iu
962 3170 1119 3231 convictu.

190 3270 302 3329 Postea
315 3266 429 3327 similia
443 3268 515 3327 sunt
528 3266 670 3327 instituta
684 3265 715 3325 in
730 3266 864 3345 gratiam
878 3283 1057 3344 pauperum
1072 3264 1122 3344 qui

190 3364 251 3440 ipsi
263 3364 359 3425 semel
374 3366 463 3425 extm
476 3362 611 3440 patriam
630 3362 799 3422 sustentari
821 3379 884 3422 non
907 3365 1069 3440 poterant,
1094 3364 1122 3421 et

190 3458 341 3533 pleraque
369 3459 526 3516 certarum
554 3456 738 3517 dioecesium
766 3456 904 3520 ‚alumnis
931 3456 1119 3535 recipiendis

192 3547 296 3607 dicata
309 3550 392 3607 sunt.
408 3548 565 3627 Gujusque
580 3549 704 3629 collegii
724 3549 843 3611 alumni
863 3549 1024 3611 communi
1038 3549 1120 3611 victu
