2442 4125
210 321 268 380 222
418 329 648 376 rnsrrrurrouss
668 328 753 375 rnnrs
774 329 928 376 usnemu.

251 474 438 538 Matrimonii
447 473 743 548 contrahendisque,
755 477 791 534 nt
800 473 1013 554 distinguatur
1022 493 1042 535 a
1051 477 1144 552 raptu

210 572 349 634 mulieris
377 571 418 632 ad
445 571 619 650 simplicem
641 569 816 647 libidinem,
840 571 889 631 vel
912 571 1013 631 alium
1035 571 1143 632 finem.

210 671 298 729 'lunc
312 669 420 744 raptus
435 665 564 726 violabit
584 664 764 725 libertatem
788 665 1001 743 personalem,
1027 665 1145 726 nullam

210 762 339 824 habebit
352 762 536 822 relationem
551 778 622 820 aum
637 761 847 823 matrimonio.

250 859 282 920 Si
297 859 362 920 vim
376 857 524 932 inferens,
541 859 613 916 aotu
628 857 787 918 contineat
805 855 944 934 puellam
964 858 1030 919 suls
1050 862 1143 933 metu,

209 959 283 1016 tuno
299 955 350 1016 hio
364 957 474 1030 raptus
489 969 551 1011 non
567 950 725 1012 differtab
740 950 966 1028 impedimento
983 955 1103 1015 metus.

249 1050 282 1110 Si
296 1066 371 1111 vero
387 1048 603 1109 consideratur
618 1046 705 1107 velut
718 1047 882 1108 distinctus
905 1066 926 1108 α
945 1052 1052 1126 metu,
1075 1053 1144 1112 tune

209 1143 370 1204 constituit
383 1143 645 1221 impedimentum
659 1142 852 1218 distinctum,
864 1143 920 1204 sed
935 1144 1028 1205 varie
1042 1145 1145 1206 mode

207 1242 311 1301 ratum
322 1239 413 1318 juxta
428 1240 547 1300 variam
562 1238 673 1299 basim.

247 1336 264 1396 J
268 1351 322 1394 ure
336 1333 531 1409 Tridentino,
547 1335 632 1394 basis
647 1332 741 1413 hujus
755 1334 975 1413 impedimenti
990 1342 1043 1396 est
1056 1337 1145 1397 liber-

208 1435 256 1492 tas
276 1428 476 1491 matrimonii.
503 1430 670 1491 Praesumit
693 1430 778 1490 enim
800 1430 854 1511 jus
874 1448 992 1492 curare
1014 1441 1142 1507 metum,

211 1546 374 1609 quousque
402 1530 493 1606 rapta
520 1527 561 1586 sit
588 1526 647 1587 sub
674 1526 809 1606 raptoris
836 1531 1011 1607 potestate.
1038 1532 1145 1592 Posset

208 1626 291 1687 enim
306 1643 432 1704 semper
445 1623 559 1684 mulier
573 1621 719 1700 excipere
734 1622 773 1682 de
783 1623 926 1684 nullitate
936 1626 1140 1700 matrimonii,

207 1724 239 1781 et
252 1719 381 1779 arbitrio
396 1717 536 1777 mulieris
550 1717 630 1778 solvi
641 1717 753 1797 juncta
766 1717 970 1780 matrimonia
985 1721 1049 1781 suls
1070 1738 1143 1800 prae-

206 1817 292 1874 textn
320 1817 432 1874 metus.
463 1814 545 1891 Ergo
565 1812 660 1874 hodie
682 1818 793 1892 raptus
812 1813 1084 1892 impedimentum
1100 1818 1141 1876 est

206 1909 386 1972 inhabilitas
400 1909 606 1971 contrahendi
629 1911 712 1972 iuter
735 1915 895 1988 raptorem
914 1913 948 1972 et
965 1917 1098 1990 raptam
1111 1913 1140 1971 li·
1209 1984 1210 2007 Χ

206 2013 256 2069 oet
270 2007 455 2084 consentiat,
473 2006 644 2068 dummodo
660 2024 723 2068 non
737 2007 778 2068 sit
790 2006 916 2068 reddita
929 2007 1004 2069 loeo
1019 2011 1099 2071 tuto.
1209 2016 1210 2027 ¹

246 2105 403 2177 Qnaeritur
417 2107 523 2166 utrum
536 2101 622 2162 idem
635 2103 676 2163 sit
695 2101 867 2163 dicendum
886 2102 925 2162 de
946 2107 1045 2180 raptu
1065 2101 1140 2165 viri?

204 2200 221 2258 J
226 2218 261 2257 us
276 2197 401 2275 poenale
416 2200 447 2257 et
461 2195 604 2257 odiosum
620 2212 683 2256 nou
695 2196 946 2273 protrahendum
956 2201 1007 2259 est
1020 2216 1027 2257 :
1040 2198 1139 2259 eonci-

204 2291 282 2349 lium
305 2292 541 2376 Tridentinum,
567 2291 606 2351 de
629 2291 668 2351 iis
690 2291 862 2371 disposuit,
885 2309 959 2370 quae
983 2291 1137 2354 ordinarie

206 2400 267 2442 non
282 2400 365 2457 raro,
383 2385 579 2464 contingunt.

245 2476 306 2539 Sed
323 2478 464 2539 nonnulli
478 2480 586 2543 dieunt
601 2480 686 2560 qnod
701 2480 813 2541 eadem
827 2480 868 2543 sit
885 2481 968 2543 ratio
988 2481 1137 2546 libertatis

204 2575 405 2637 matrimonii.

202 2766 228 2811 (i.
244 2765 275 2809 lte
285 2764 368 2809 deiectu
379 2764 454 2809 torma
465 2766 488 2807 et
500 2765 554 2807 ritus
563 2764 648 2807 externi
657 2764 800 2809 essentialiter
811 2765 839 2808 sb
854 2764 951 2811 Ecclesia
962 2770 1135 2825 prescriptis

481 2835 508 2878 de
519 2834 655 2879 clandestine
667 2835 830 2890 desponsatione
844 2836 861 2877 ¹.

242 2958 334 3019 XLII.
358 2976 372 3013 u
389 2954 588 3016 Matrimonia
608 2973 678 3034 quae
701 2956 768 3016 sine
788 2956 928 3034 parocho
954 2961 986 3018 et
1009 2958 1133 3020 testibus
1206 2959 1207 2988 ³

202 3050 442 3123 contrahuntur,
463 3047 610 3110 dicuntur
632 3049 833 3109 matrimonia
851 3050 1052 3114 clandestina
1072 3072 1080 3111 :
1100 3067 1132 3110 ea

202 3161 327 3221 semper
341 3145 469 3225 quidem
483 3144 514 3203 in
529 3144 671 3205 Ecclesia
689 3146 849 3224 prohibita
867 3146 1007 3224 fuerunt,
1029 3150 1062 3209 et
1078 3148 1131 3207 illi-

203 3236 274 3310 oita‚
293 3238 332 3296 oh
347 3239 456 3314 multa,
474 3243 505 3300 et
518 3238 630 3318 grevia
642 3239 859 3312 incommoda3
879 3258 942 3300 non
956 3241 1075 3303 luerint
1088 3246 1130 3299 ta-

203 3344 274 3386 men
302 3336 374 3388 ante
402 3332 570 3392 concilium
596 3333 815 3393 'tridentinum
847 3334 1006 3412 invalida,
1042 3334 1127 3413 prout

234 3522 242 3554 ¹
259 3520 341 3567 Addit
356 3534 388 3567 ex
402 3522 534 3587 Pirhing„
549 3529 568 3576 l.
583 3532 629 3588 lV,
643 3533 730 3592 Dece,
745 3531 790 3581 tit.
807 3544 838 3580 11.
