2442 4125
339 378 377 420 nn
399 373 526 421 omnum
547 372 630 419 soors
651 372 807 419 carorum.
1019 362 1037 418 'l

152 546 210 598 511.
227 558 250 589 ru
266 554 312 594 out
328 554 458 588 arrisione
473 554 508 587 sm
524 552 665 585 rrnrrcsrro
680 552 704 584 nr
722 552 808 585 uarius
824 552 852 585 se
867 552 990 587 rnrrrnns

433 623 544 657 accersio
560 622 715 655 aconensis

144 721 197 781 lll.
215 718 281 781 Sub
301 718 360 777 hoc
375 722 519 796 respectu
538 714 769 777 consideranda
787 721 835 776 est
854 716 1038 795 praedicatio

102 828 171 882 tum
185 820 216 879 iu
231 818 342 880 ordine
363 816 403 877 ed
417 816 507 897 finon
528 816 580 877 cni
597 813 719 876 directa
736 818 785 877 cst
802 815 954 892 Ecclesia,
969 818 1038 879 tum

102 917 134 976 in
148 915 260 977 ordine
275 914 317 974 ad
330 931 467 991 personas
482 912 522 973 de
536 911 688 973 Ecclesia.

142 1008 191 1068 Ad
207 1006 344 1084 primum
359 1005 444 1084 quod
459 1007 590 1083 spectat,
607 1022 664 1083 pro
680 1002 877 1066 theoremate
892 1006 1038 1084 ponimns

103 1102 361 1182 praedicationem
376 1100 484 1161 referri
500 1100 540 1162 ad
556 1101 651 1161 linem
663 1101 815 1163 relatione
830 1102 1036 1165 necessitatis.

103 1198 194 1272 Quod
216 1218 253 1259 ex
274 1198 416 1275 apostolo
435 1197 593 1275 colligitur
613 1196 729 1277 (Rom,
745 1216 777 1273 x,
794 1198 843 1277 ll)
864 1220 879 1255 u
893 1197 1039 1275 Quomodo

102 1294 322 1355 invocabantur
337 1312 419 1373 quem
434 1312 490 1352 noa
504 1290 714 1354 crediderant?
733 1294 796 1354 Aut
813 1292 956 1372 quomodo
972 1312 1036 1355 cre·

101 1388 171 1449 dent
193 1389 221 1449 ei
241 1408 326 1469 quan
347 1406 405 1447 non
428 1386 607 1448 audierunt?
631 1386 777 1463 Quomodo
799 1397 897 1449 ostem
920 1388 1038 1451 audient

101 1485 161 1545 eine
174 1481 380 1563 predicente?
397 1504 411 1539 n
435 1482 526 1544 Unde
541 1481 578 1558 si,
596 1482 757 1543 ordinarie
770 1482 895 1543 Domini
911 1500 1039 1544 meone-

101 1581 177 1657 mia,
188 1581 267 1641 fides
278 1597 349 1640 cum
359 1565 581 1657 predicatione
592 1577 680 1638 verbi
691 1577 747 1638 liei
758 1577 946 1653 adnectitur,
958 1577 1038 1638 tldes

101 1678 210 1736 autem
233 1672 409 1734 necessaria
434 1670 473 1732 sit
495 1669 535 1731 ad
559 1671 704 1747 salutem,
731 1670 776 1731 sic
798 1674 832 1733 ct
852 1670 1036 1749 pradicatio

101 1770 248 1831 eamdem
263 1768 364 1829 induit
377 1764 611 1840 necessitatem
629 1767 713 1827 unde
727 1766 873 1829 ridemus
890 1784 953 1827 non
967 1784 1037 1827 esse

101 1861 361 1940 pradicationem
385 1877 451 1919 rem
474 1875 561 1919 mere
590 1860 818 1921 accidentalem
839 1861 872 1920 iu
895 1859 1037 1921 Ecclesia

101 1958 157 2017 scd
170 1956 217 2017 illi
233 1956 469 2017 connaturalem
488 1957 520 2015 et
538 1956 749 2016 necessariam
768 1973 805 2016 ac
823 1954 1033 2017 essentialem.

142 2053 233 2126 Quod
248 2071 323 2115 vero
338 2051 378 2112 ed
396 2050 580 2113 relationem
599 2053 721 2127 spectat
739 2069 835 2131 qnam
853 2050 950 2113 habet
964 2069 1036 2112 cum

102 2148 255 2228 personis,
277 2148 395 2210 sithoc
414 2145 603 2226 principium
621 2147 780 2225 generale.
796 2145 982 2208 praedicatio
1003 2147 1036 2207 in

102 2245 243 2306 Ecclesia
261 2249 350 2304 artus
369 2247 417 2304 est
434 2233 617 2320 magisterii.
634 2241 849 2321 Magisterium
868 2258 944 2303 vero
961 2259 1036 2322 pers

101 2345 148 2402 est
163 2339 376 2402 connaturalis
390 2337 549 2417 regiminis
564 2337 767 2399 ecclesiastici
780 2338 812 2398 in
828 2343 981 2418 quantum
995 2340 1037 2400 ad

101 2432 260 2512 dogmatis
274 2431 545 2493 conservationem
559 2431 715 2511 dirigitur.
724 2433 815 2495 Unde
831 2437 991 2514 quotsunt
1003 2434 1036 2494 in

100 2527 244 2589 Ecclesia
259 2530 410 2605 pastores,
427 2529 474 2587 tot
487 2525 642 2605 magistri,
658 2530 706 2589 tot
718 2527 961 2606 praedicatores;
979 2547 1036 2609 pro

101 2623 205 2701 gradu
228 2624 258 2683 et
279 2621 453 2700 quantitate
474 2623 649 2682 seeundum
673 2641 768 2702 quam
787 2622 976 2703 participant
995 2623 1036 2684 de

101 2717 291 2778 auctoritate
305 2715 448 2795 regendi,
463 2715 509 2775 ita
522 2719 554 2776 et
567 2715 606 2776 dc
624 2717 810 2779 auctoritate
829 2717 1033 2796 predicandi.

101 2812 147 2870 Ex
162 2829 226 2890 quo
241 2809 403 2870 inferimus
418 2809 582 2888 sequentia
595 2810 792 2870 theoremata
808 2830 815 2870 :

140 2907 194 2968 IV.
213 2908 242 2966 l.
260 2905 419 2965 Romanus
434 2904 573 2982 pontifex
588 2905 703 2984 qnippe
719 2905 809 2986 cujus
823 2923 969 2981 suprema
982 2924 1037 2983 po-

101 3001 200 3062 testas
214 2999 300 3059 nullo
314 2998 375 3059 loci
390 2998 509 3060 ambitu
523 2999 702 3060 continetur
716 3002 748 3060 et
760 2999 793 3058 in
806 2998 1035 3077 planitudinem

101 3094 283 3174 apostoliea
294 3093 488 3155 auctoritatis
498 3081 712 3173 succedit,jus
722 3092 819 3154 habet
829 3092 1034 3171 praedicandi,

102 3188 237 3250 docendi
258 3190 289 3248 in
303 3187 449 3248 universo
464 3188 594 3264 mundo,
610 3194 678 3249 tum
694 3193 729 3248 ut
747 3187 858 3250 fratres
872 3205 945 3248 suos
961 3206 1037 3249 con-

100 3284 218 3359 firmet,
235 3286 302 3344 tum
324 3286 359 3343 ut
379 3301 494 3343 munus
514 3301 606 3343 suum
627 3287 837 3363 prosequetur
856 3285 888 3344 in
907 3299 1035 3344 conver-

101 3379 191 3438 sione
214 3378 365 3457 gantium.
384 3379 474 3450 Quod
493 3377 546 3458 jus
568 3378 634 3438 sive
658 3396 715 3456 per
738 3397 783 3455 aa,
805 3379 871 3438 sive
886 3394 943 3456 per
963 3396 1036 3438 suos

101 3472 266 3552 delegatos
281 3491 427 3536 exercere
442 3474 535 3550 valet,
552 3491 615 3534 non
629 3492 720 3536 secus
734 3492 771 3536 ae
787 3474 1036 3555 jurisdictionem

102 3584 207 3629 suam.
