2442 4125
205 284 264 342 2tt
414 291 644 338 rrsrrrurrouus
664 291 747 336 soors
769 290 924 338 carrorum.

245 443 325 504 Tum
338 435 595 517 distinguendum
607 438 714 496 utrum
725 435 792 496 haeo
803 434 931 515 joeundi
943 437 1147 501 voluntasob

205 535 273 614 ipso
295 531 377 594 iacto
400 534 529 592 externo
549 528 808 606 deprehendatur
825 547 864 589 ex
882 529 953 590 aliis
970 531 1147 612 adjunctis,

205 649 245 692 an
260 646 335 692 vero
350 627 429 688 nihil
442 627 528 687 aliud
543 626 629 686 sitin
644 626 728 688 tauto
737 631 867 688 externo
878 628 1070 706 oppositum
1081 649 1148 692 eon-

204 727 310 788 sensui
324 727 438 804 praeter
453 723 570 783 dietam
585 721 808 783 conditionem.

243 824 279 882 In
293 819 395 900 primo
410 836 484 879 oasu
500 815 736 878 matrimonium
757 832 821 876 non
838 820 938 892 tenet,
961 819 1044 898 quia
1065 820 1150 880 deest

204 919 286 980 seria
300 915 510 978 manifestatio
531 929 715 990 consensus,
736 913 775 973 ab
797 913 923 974 interna
946 916 1052 976 animi
1077 917 1150 978 deli-

203 1012 367 1076 beratione
381 1009 533 1088 profecta,
550 1009 631 1070 utin
646 1012 677 1068 2⁰
693 1008 844 1087 requisito
859 1013 1005 1071 notatur.
1023 1013 1064 1073 Si
1078 1030 1147 1072 vero

203 1113 235 1172 in
250 1112 333 1170 tauto
348 1112 477 1171 externo
493 1106 570 1167 nihil
591 1107 678 1168 aliud
696 1107 957 1187 deprehendatur
976 1112 1147 1173 consensui

203 1205 393 1286 oppositum,
411 1203 470 1266 nisi
485 1205 553 1265 haeo
568 1202 717 1279 conditio,
732 1202 882 1264 standum
895 1207 946 1267 est
963 1224 1027 1284 pro
1043 1206 1148 1268 mutri-

204 1303 319 1379 monio,
336 1303 387 1362 vei
401 1300 432 1360 in
448 1300 516 1361 ioro
532 1304 674 1376 externe,
690 1300 740 1360 vel
761 1299 856 1362 etiam
874 1300 907 1360 in
928 1301 1002 1363 foro
1023 1303 1148 1365 interno

204 1398 309 1480 prouti
322 1415 418 1476 supra
432 1395 464 1457 in
478 1400 510 1457 2⁰
524 1395 676 1476 requisito
689 1413 747 1475 pro
762 1396 857 1457 variis
866 1399 1039 1460 sententiis
1051 1401 1147 1460 uduo

203 1497 341 1560 tueatur.

244 1595 348 1668 Ouaeri
360 1595 490 1670 insuper
503 1592 610 1668 posset
623 1591 728 1651 utrum
743 1589 811 1651 haee
831 1590 958 1652 theoria
971 1610 1080 1672 quam
1098 1593 1147 1654 de

204 1692 307 1752 dimus
322 1690 361 1750 de
376 1685 608 1749 conditionibus
622 1685 868 1765 impossibilibus
881 1688 1031 1767 propriis,
1044 1691 1146 1752 iooum

204 1786 320 1847 habeut
334 1782 429 1844 etiam
450 1782 483 1842 iu
507 1781 738 1844 conditionibus
759 1782 1011 1861 impossibilibus
1035 1786 1145 1865 impro-

202 1882 300 1963 priis?
314 1879 500 1960 Respondeo
517 1879 649 1952 nullom,
665 1878 725 1940 hae
738 1880 770 1940 in
785 1897 831 1956 re,
847 1896 1028 1959 essoposse
1038 1900 1147 1959 exeep-

203 1980 323 2040 tionem
346 1976 450 2057 quoad
474 1975 669 2039 conditiones
689 1975 898 2055 impossibiles
918 1979 1038 2037 eontra
1058 1977 1145 2038 subs·

203 2076 337 2138 tantiam
359 2072 562 2149 matrimonii,
586 2090 657 2152 quae
678 2072 860 2134 referuntur
878 2073 920 2133 ud
942 2077 1144 2137 contractum

205 2171 456 2233 contrahendum
470 2173 503 2231 et
515 2187 640 2249 semper
654 2173 729 2230 sunt
740 2170 888 2247 propriae.

245 2266 334 2336 Quod
349 2283 424 2327 vero
439 2266 575 2345 pertinet
589 2264 630 2324 ad
651 2264 790 2344 reliquas
809 2264 1008 2327 conditiones
1029 2267 1144 2347 impos·

205 2358 321 2433 sibiles,
337 2359 457 2419 nullam
471 2360 563 2422 video
577 2360 646 2421 fieri
661 2360 894 2423 disfinotionem
908 2360 941 2422 in
952 2361 1043 2425 dioto
1053 2363 1144 2443 eapte

206 2453 306 2514 ultimo
320 2452 354 2514 de
368 2454 587 2519 conditionibus.
729 2458 734 2468 '

244 2556 324 2616 Tota
337 2553 433 2635 igitur
447 2556 579 2635 quaestio
592 2556 626 2616 in
641 2557 702 2618 hoo
715 2560 906 2634 versaretur,
922 2557 1089 2635 videlieet,
1104 2577 1143 2619 an

204 2651 294 2731 sequi
321 2652 450 2713 deberet
477 2651 695 2729 interpretatio
722 2653 901 2730 restrictiva,
931 2654 1143 2734 intelligendo

204 2748 331 2811 nomine
364 2742 600 2824 conditionum,
634 2746 703 2807 illus
736 2765 806 2826 quae
843 2767 917 2811 vere
944 2753 1020 2811 sunt
1046 2751 1140 2823 tales,

203 2864 338 2927 quaeque
353 2862 404 2906 res
418 2843 616 2921 suspendunt
629 2847 782 2925 tanquam
803 2845 843 2907 ab
862 2847 982 2907 inoerto
1005 2850 1140 2917 eventu;

205 2942 254 3001 vel
268 2939 435 3014 eateosivoe,
447 2936 653 3016 intelligendo
668 2938 795 2999 nomine
810 2939 1028 3001 conditionum
1043 2941 1140 3001 etiam

204 3055 274 3116 quae
288 3033 459 3115 improprie
473 3033 552 3095 tales
567 3032 725 3112 dicuntur,
739 3053 873 3115 quaeque
884 3054 947 3097 non
957 3034 1142 3099 referuntur

204 3132 245 3193 ad
260 3136 407 3194 eventum
421 3131 572 3192 futurum.

244 3226 411 3289 Videretur
432 3247 471 3289 ex
490 3246 554 3289 una
574 3230 664 3307 parte
687 3227 828 3290 obtinere
845 3228 1139 3309 interpretationem

203 3320 411 3383 restrictivam
429 3344 435 3385 :
454 3328 483 3385 1⁰
499 3326 543 3384 Ex
567 3327 715 3387 eontextu
735 3326 859 3405 eapitis,
884 3326 938 3387 ubi
958 3324 1138 3404 allegantur

204 3414 306 3477 solum
320 3417 513 3478 conditiones
528 3422 664 3498 propriae
680 3426 790 3482 eontra
803 3420 1011 3483 substantiam
1025 3417 1139 3479 matri·

205 3506 316 3580 monii3
333 3512 364 3566 2⁰
380 3509 544 3585 quiaillud
559 3516 664 3592 eaput,
681 3516 741 3577 huo
754 3516 787 3577 in
802 3522 903 3595 parte,
920 3534 989 3577 esse
1007 3532 1137 3577 corree-
