<?xml version="1.0" encoding="UTF-8"?>
<!DOCTYPE html PUBLIC "-//W3C//DTD XHTML 1.0 Transitional//EN"
    "http://www.w3.org/TR/xhtml1/DTD/xhtml1-transitional.dtd">
<html xmlns="http://www.w3.org/1999/xhtml" xml:lang="en" lang="en">
 <head>
  <title>
</title>
<meta http-equiv="Content-Type" content="text/html;charset=utf-8" />
  <meta name='ocr-system' content='tesseract 3.04.00' />
  <meta name='ocr-capabilities' content='ocr_page ocr_carea ocr_par ocr_line ocrx_word'/>
</head>
<body>
  <div class='ocr_page' id='page_1' title='image "./institutionesju04marigoog_0327.png"; bbox 0 0 2442 4125; ppageno 0'>
   <div class='ocr_carea' id='block_1_1' title="bbox 353 308 1052 367">
    <p class='ocr_par' dir='ltr' id='par_1_1' title="bbox 353 308 1052 367">
     <span class='ocr_line' id='line_1_1' title="bbox 353 308 1052 367; baseline 0.007 -5"><span class='ocrx_word' id='word_1_1' title='bbox 353 318 392 362; x_wconf 88' lang='lat' dir='ltr'><strong>nn</strong></span> <span class='ocrx_word' id='word_1_2' title='bbox 412 316 542 363; x_wconf 76' lang='lat' dir='ltr'><strong>opsecro</strong></span> <span class='ocrx_word' id='word_1_3' title='bbox 561 317 644 364; x_wconf 79' lang='lat' dir='ltr'><strong>soors</strong></span> <span class='ocrx_word' id='word_1_4' title='bbox 666 317 821 364; x_wconf 78' lang='lat' dir='ltr'><strong>canoram.</strong></span> <span class='ocrx_word' id='word_1_5' title='bbox 995 308 1052 367; x_wconf 78' lang='lat'><strong>317</strong></span> 
     </span>
    </p>
   </div>
   <div class='ocr_carea' id='block_1_2' title="bbox 111 459 1052 1119">
    <p class='ocr_par' dir='ltr' id='par_1_2' title="bbox 111 459 1052 926">
     <span class='ocr_line' id='line_1_2' title="bbox 112 459 1051 545; baseline 0.002 -20"><span class='ocrx_word' id='word_1_6' title='bbox 112 483 151 525; x_wconf 90' lang='lat' dir='ltr'><strong>se</strong></span> <span class='ocrx_word' id='word_1_7' title='bbox 166 464 343 543; x_wconf 81' lang='lat' dir='ltr'><strong>gesserunt,</strong></span> <span class='ocrx_word' id='word_1_8' title='bbox 360 464 393 522; x_wconf 90' lang='lat' dir='ltr'><strong>et</strong></span> <span class='ocrx_word' id='word_1_9' title='bbox 405 460 492 521; x_wconf 85' lang='lat' dir='ltr'><strong>nulla</strong></span> <span class='ocrx_word' id='word_1_10' title='bbox 504 459 587 522; x_wconf 86' lang='lat' dir='ltr'><strong>facta</strong></span> <span class='ocrx_word' id='word_1_11' title='bbox 600 461 787 540; x_wconf 79' lang='lat' dir='ltr'><strong>poenitentIa</strong></span> <span class='ocrx_word' id='word_1_12' title='bbox 801 463 938 545; x_wconf 78' lang='lat' dir='ltr'>correpti</span> <span class='ocrx_word' id='word_1_13' title='bbox 952 481 1051 544; x_wconf 88' lang='lat' dir='ltr'><strong>usque</strong></span> 
     </span>
     <span class='ocr_line' id='line_1_3' title="bbox 112 556 1050 638; baseline 0 -17"><span class='ocrx_word' id='word_1_14' title='bbox 112 560 159 621; x_wconf 83' lang='lat' dir='ltr'><strong>ad</strong></span> <span class='ocrx_word' id='word_1_15' title='bbox 190 556 308 620; x_wconf 86' lang='lat' dir='ltr'><strong>exitum</strong></span> <span class='ocrx_word' id='word_1_16' title='bbox 340 556 417 617; x_wconf 79' lang='lat' dir='ltr'><strong>vitae·</strong></span> <span class='ocrx_word' id='word_1_17' title='bbox 440 556 473 615; x_wconf 92' lang='lat' dir='ltr'><strong>in</strong></span> <span class='ocrx_word' id='word_1_18' title='bbox 502 556 594 618; x_wconf 84' lang='lat' dir='ltr'><strong>malae</strong></span> <span class='ocrx_word' id='word_1_19' title='bbox 625 559 860 620; x_wconf 70' lang='lat' dir='ltr'><strong>consuetudinis</strong></span> <span class='ocrx_word' id='word_1_20' title='bbox 889 560 1050 638; x_wconf 87' lang='lat' dir='ltr'><strong>proposito</strong></span> 
     </span>
     <span class='ocr_line' id='line_1_4' title="bbox 111 654 1052 736; baseline 0 -19"><span class='ocrx_word' id='word_1_21' title='bbox 111 656 368 736; x_wconf 86' lang='lat' dir='ltr'><strong>permanserunt,</strong></span> <span class='ocrx_word' id='word_1_22' title='bbox 380 672 419 714; x_wconf 86' lang='lat' dir='ltr'><strong>ex</strong></span> <span class='ocrx_word' id='word_1_23' title='bbox 433 656 519 714; x_wconf 87' lang='lat' dir='ltr'><strong>certa</strong></span> <span class='ocrx_word' id='word_1_24' title='bbox 532 654 778 733; x_wconf 75' lang='lat' dir='ltr'><strong>praesumptione</strong></span> <span class='ocrx_word' id='word_1_25' title='bbox 792 655 894 717; x_wconf 87' lang='lat' dir='ltr'><strong>finalis</strong></span> <span class='ocrx_word' id='word_1_26' title='bbox 904 655 1052 734; x_wconf 87' lang='lat' dir='ltr'><strong>impoeni-</strong></span> 
     </span>
     <span class='ocr_line' id='line_1_5' title="bbox 111 748 1050 829; baseline 0 -15"><span class='ocrx_word' id='word_1_27' title='bbox 111 751 239 825; x_wconf 75' lang='lat' dir='ltr'>tentiae,</span> <span class='ocrx_word' id='word_1_28' title='bbox 262 748 378 810; x_wconf 86' lang='lat' dir='ltr'><strong>malam</strong></span> <span class='ocrx_word' id='word_1_29' title='bbox 400 752 536 811; x_wconf 89' lang='lat' dir='ltr'><strong>mortem</strong></span> <span class='ocrx_word' id='word_1_30' title='bbox 557 749 725 828; x_wconf 88' lang='lat' dir='ltr'><strong>appetiisse</strong></span> <span class='ocrx_word' id='word_1_31' title='bbox 746 751 924 829; x_wconf 86' lang='lat' dir='ltr'><strong>praesumit‚</strong></span> <span class='ocrx_word' id='word_1_32' title='bbox 940 770 979 812; x_wconf 79' lang='lat' dir='ltr'><strong>ex</strong></span> <span class='ocrx_word' id='word_1_33' title='bbox 997 752 1050 814; x_wconf 95' lang='lat' dir='ltr'><strong>illo</strong></span> 
     </span>
     <span class='ocr_line' id='line_1_6' title="bbox 113 845 906 926; baseline -0.005 -16"><span class='ocrx_word' id='word_1_34' title='bbox 113 846 240 910; x_wconf 88' lang='lat' dir='ltr'><strong>Domini</strong></span> <span class='ocrx_word' id='word_1_35' title='bbox 256 845 357 908; x_wconf 87' lang='lat' dir='ltr'><strong>edicto</strong></span> <span class='ocrx_word' id='word_1_36' title='bbox 375 865 381 906; x_wconf 95' lang='lat'><strong>:</strong></span> <span class='ocrx_word' id='word_1_37' title='bbox 404 866 418 904; x_wconf 85' lang='lat' dir='ltr'><strong>u</strong></span> <span class='ocrx_word' id='word_1_38' title='bbox 428 846 492 906; x_wconf 90' lang='lat' dir='ltr'><strong>Nisi</strong></span> <span class='ocrx_word' id='word_1_39' title='bbox 501 846 721 925; x_wconf 70' lang='lat' dir='ltr'><strong>poenitentiam</strong></span> <span class='ocrx_word' id='word_1_40' title='bbox 737 847 874 926; x_wconf 83' lang='lat' dir='ltr'><strong>egeritis.</strong></span> <span class='ocrx_word' id='word_1_41' title='bbox 891 868 906 906; x_wconf 86' lang='lat' dir='ltr'><strong>u</strong></span> 
     </span>
    </p>

    <p class='ocr_par' dir='ltr' id='par_1_3' title="bbox 111 940 1049 1119">
     <span class='ocr_line' id='line_1_7' title="bbox 156 940 1049 1022; baseline 0.001 -18"><span class='ocrx_word' id='word_1_42' title='bbox 156 945 273 1005; x_wconf 82' lang='lat' dir='ltr'><strong>Contra</strong></span> <span class='ocrx_word' id='word_1_43' title='bbox 286 959 361 1002; x_wconf 90' lang='lat' dir='ltr'><strong>vero</strong></span> <span class='ocrx_word' id='word_1_44' title='bbox 376 941 417 1003; x_wconf 86' lang='lat' dir='ltr'><strong>ob</strong></span> <span class='ocrx_word' id='word_1_45' title='bbox 430 959 587 1002; x_wconf 89' lang='lat' dir='ltr'><strong>sommam</strong></span> <span class='ocrx_word' id='word_1_46' title='bbox 601 940 751 1002; x_wconf 89' lang='lat' dir='ltr'><strong>fiduciam</strong></span> <span class='ocrx_word' id='word_1_47' title='bbox 766 960 862 1022; x_wconf 86' lang='lat' dir='ltr'><strong>quam</strong></span> <span class='ocrx_word' id='word_1_48' title='bbox 877 943 1049 1005; x_wconf 89' lang='lat' dir='ltr'><strong>collocetin</strong></span> 
     </span>
     <span class='ocr_line' id='line_1_8' title="bbox 111 1034 1049 1119; baseline 0 -21"><span class='ocrx_word' id='word_1_49' title='bbox 111 1035 311 1119; x_wconf 87' lang='lat' dir='ltr'><strong>plenitudine</strong></span> <span class='ocrx_word' id='word_1_50' title='bbox 325 1034 509 1098; x_wconf 83' lang='lat' dir='ltr'><strong>meritorum</strong></span> <span class='ocrx_word' id='word_1_51' title='bbox 523 1034 649 1111; x_wconf 83' lang='lat' dir='ltr'><strong>Christi,</strong></span> <span class='ocrx_word' id='word_1_52' title='bbox 666 1053 761 1114; x_wconf 86' lang='lat' dir='ltr'><strong>quem</strong></span> <span class='ocrx_word' id='word_1_53' title='bbox 776 1035 864 1099; x_wconf 92' lang='lat' dir='ltr'><strong>novit</strong></span> <span class='ocrx_word' id='word_1_54' title='bbox 876 1053 933 1117; x_wconf 93' lang='lat' dir='ltr'><strong>pro</strong></span> <span class='ocrx_word' id='word_1_55' title='bbox 949 1037 1049 1098; x_wconf 91' lang='lat' dir='ltr'><strong>omni-</strong></span> 
     </span>
    </p>
   </div>
   <div class='ocr_carea' id='block_1_3' title="bbox 106 1129 1137 2068">
    <p class='ocr_par' dir='ltr' id='par_1_4' title="bbox 106 1129 1137 2068">
     <span class='ocr_line' id='line_1_9' title="bbox 111 1129 1048 1208; baseline -0.002 -14"><span class='ocrx_word' id='word_1_56' title='bbox 111 1135 175 1194; x_wconf 87' lang='lat' dir='ltr'><strong>bus</strong></span> <span class='ocrx_word' id='word_1_57' title='bbox 189 1134 221 1192; x_wconf 90' lang='lat' dir='ltr'><strong>et</strong></span> <span class='ocrx_word' id='word_1_58' title='bbox 234 1129 369 1190; x_wconf 82' lang='lat' dir='ltr'><strong>maxime</strong></span> <span class='ocrx_word' id='word_1_59' title='bbox 383 1129 529 1190; x_wconf 86' lang='lat' dir='ltr'><strong>fidelibus</strong></span> <span class='ocrx_word' id='word_1_60' title='bbox 543 1131 702 1190; x_wconf 89' lang='lat' dir='ltr'><strong>mortuum</strong></span> <span class='ocrx_word' id='word_1_61' title='bbox 717 1146 797 1204; x_wconf 89' lang='lat' dir='ltr'><strong>esse,</strong></span> <span class='ocrx_word' id='word_1_62' title='bbox 809 1132 841 1191; x_wconf 90' lang='lat' dir='ltr'><strong>et</strong></span> <span class='ocrx_word' id='word_1_63' title='bbox 853 1147 911 1208; x_wconf 89' lang='lat' dir='ltr'><strong>pro</strong></span> <span class='ocrx_word' id='word_1_64' title='bbox 925 1147 1048 1192; x_wconf 89' lang='lat' dir='ltr'><strong>summo</strong></span> 
     </span>
     <span class='ocr_line' id='line_1_10' title="bbox 111 1223 1048 1305; baseline -0.003 -16"><span class='ocrx_word' id='word_1_65' title='bbox 111 1229 233 1289; x_wconf 83' lang='lat' dir='ltr'><strong>influxu</strong></span> <span class='ocrx_word' id='word_1_66' title='bbox 248 1243 342 1305; x_wconf 88' lang='lat' dir='ltr'><strong>quem</strong></span> <span class='ocrx_word' id='word_1_67' title='bbox 357 1224 457 1287; x_wconf 87' lang='lat' dir='ltr'><strong>credit</strong></span> <span class='ocrx_word' id='word_1_68' title='bbox 471 1224 589 1286; x_wconf 87' lang='lat' dir='ltr'><strong>hahere</strong></span> <span class='ocrx_word' id='word_1_69' title='bbox 600 1223 639 1284; x_wconf 91' lang='lat' dir='ltr'><strong>de</strong></span> <span class='ocrx_word' id='word_1_70' title='bbox 654 1242 712 1285; x_wconf 90' lang='lat' dir='ltr'><strong>sna</strong></span> <span class='ocrx_word' id='word_1_71' title='bbox 725 1223 918 1287; x_wconf 89' lang='lat' dir='ltr'><strong>institutione</strong></span> <span class='ocrx_word' id='word_1_72' title='bbox 934 1230 1048 1286; x_wconf 88' lang='lat' dir='ltr'><strong>utcon-</strong></span> 
     </span>
     <span class='ocr_line' id='line_1_11' title="bbox 111 1313 1137 1398; baseline -0.001 -13"><span class='ocrx_word' id='word_1_73' title='bbox 111 1325 210 1385; x_wconf 86' lang='lat' dir='ltr'><strong>ducal</strong></span> <span class='ocrx_word' id='word_1_74' title='bbox 223 1322 366 1383; x_wconf 90' lang='lat' dir='ltr'><strong>homines</strong></span> <span class='ocrx_word' id='word_1_75' title='bbox 379 1322 420 1383; x_wconf 88' lang='lat' dir='ltr'><strong>ad</strong></span> <span class='ocrx_word' id='word_1_76' title='bbox 434 1323 530 1382; x_wconf 85' lang='lat' dir='ltr'><strong>linem</strong></span> <span class='ocrx_word' id='word_1_77' title='bbox 544 1319 701 1398; x_wconf 89' lang='lat' dir='ltr'><strong>ultimum,</strong></span> <span class='ocrx_word' id='word_1_78' title='bbox 719 1320 760 1382; x_wconf 89' lang='lat' dir='ltr'><strong>ad</strong></span> <span class='ocrx_word' id='word_1_79' title='bbox 782 1320 909 1384; x_wconf 86' lang='lat' dir='ltr'><strong>beatam</strong></span> <span class='ocrx_word' id='word_1_80' title='bbox 924 1323 1047 1384; x_wconf 82' lang='lat' dir='ltr'><strong>aeterni·</strong></span> <span class='ocrx_word' id='word_1_81' title='bbox 1133 1313 1137 1324; x_wconf 82' lang='lat'>&#39;</span> 
     </span>
     <span class='ocr_line' id='line_1_12' title="bbox 109 1417 1048 1497; baseline -0.004 -13"><span class='ocrx_word' id='word_1_82' title='bbox 109 1423 220 1495; x_wconf 82' lang='lat' dir='ltr'><strong>tatem,</strong></span> <span class='ocrx_word' id='word_1_83' title='bbox 236 1417 263 1478; x_wconf 91' lang='lat' dir='ltr'><strong>si</strong></span> <span class='ocrx_word' id='word_1_84' title='bbox 278 1418 347 1497; x_wconf 88' lang='lat' dir='ltr'><strong>quis</strong></span> <span class='ocrx_word' id='word_1_85' title='bbox 361 1417 509 1480; x_wconf 76' lang='lat' dir='ltr'><strong>Ecclesiae</strong></span> <span class='ocrx_word' id='word_1_86' title='bbox 524 1417 730 1480; x_wconf 80' lang='lat' dir='ltr'><strong>sacramentis</strong></span> <span class='ocrx_word' id='word_1_87' title='bbox 744 1417 882 1481; x_wconf 84' lang='lat' dir='ltr'><strong>refectus</strong></span> <span class='ocrx_word' id='word_1_88' title='bbox 899 1426 929 1481; x_wconf 90' lang='lat' dir='ltr'><strong>et</strong></span> <span class='ocrx_word' id='word_1_89' title='bbox 943 1419 1048 1480; x_wconf 90' lang='lat' dir='ltr'><strong>muni-</strong></span> 
     </span>
     <span class='ocr_line' id='line_1_13' title="bbox 108 1511 1045 1594; baseline -0.004 -16"><span class='ocrx_word' id='word_1_90' title='bbox 108 1520 175 1591; x_wconf 90' lang='lat' dir='ltr'><strong>tus,</strong></span> <span class='ocrx_word' id='word_1_91' title='bbox 191 1513 338 1575; x_wconf 73' lang='lat' dir='ltr'><strong>Ecclesia</strong></span> <span class='ocrx_word' id='word_1_92' title='bbox 357 1512 551 1574; x_wconf 88' lang='lat' dir='ltr'><strong>orationibus</strong></span> <span class='ocrx_word' id='word_1_93' title='bbox 571 1511 709 1594; x_wconf 90' lang='lat' dir='ltr'><strong>adjutus,</strong></span> <span class='ocrx_word' id='word_1_94' title='bbox 726 1514 777 1574; x_wconf 89' lang='lat' dir='ltr'><strong>vel</strong></span> <span class='ocrx_word' id='word_1_95' title='bbox 795 1514 908 1575; x_wconf 89' lang='lat' dir='ltr'><strong>saltem</strong></span> <span class='ocrx_word' id='word_1_96' title='bbox 921 1513 953 1573; x_wconf 91' lang='lat' dir='ltr'><strong>in</strong></span> <span class='ocrx_word' id='word_1_97' title='bbox 968 1531 1045 1590; x_wconf 90' lang='lat' dir='ltr'><strong>pace</strong></span> 
     </span>
     <span class='ocr_line' id='line_1_14' title="bbox 108 1605 1044 1686; baseline -0.004 -13"><span class='ocrx_word' id='word_1_98' title='bbox 108 1609 259 1673; x_wconf 73' lang='lat' dir='ltr'><strong>Ecclesia</strong></span> <span class='ocrx_word' id='word_1_99' title='bbox 280 1607 460 1684; x_wconf 79' lang='lat' dir='ltr'><strong>decesserit,</strong></span> <span class='ocrx_word' id='word_1_100' title='bbox 487 1626 560 1669; x_wconf 89' lang='lat' dir='ltr'><strong>eum</strong></span> <span class='ocrx_word' id='word_1_101' title='bbox 584 1615 670 1669; x_wconf 87' lang='lat' dir='ltr'><strong>certo</strong></span> <span class='ocrx_word' id='word_1_102' title='bbox 694 1605 858 1686; x_wconf 75' lang='lat' dir='ltr'><strong>praesumit</strong></span> <span class='ocrx_word' id='word_1_103' title='bbox 877 1607 909 1666; x_wconf 93' lang='lat' dir='ltr'><strong>in</strong></span> <span class='ocrx_word' id='word_1_104' title='bbox 938 1608 1044 1669; x_wconf 91' lang='lat' dir='ltr'><strong>osculo</strong></span> 
     </span>
     <span class='ocr_line' id='line_1_15' title="bbox 108 1699 1046 1780; baseline -0.005 -15"><span class='ocrx_word' id='word_1_105' title='bbox 108 1701 227 1765; x_wconf 85' lang='lat' dir='ltr'><strong>Christi</strong></span> <span class='ocrx_word' id='word_1_106' title='bbox 240 1700 423 1776; x_wconf 89' lang='lat' dir='ltr'><strong>decessisse,</strong></span> <span class='ocrx_word' id='word_1_107' title='bbox 438 1705 577 1761; x_wconf 86' lang='lat' dir='ltr'><strong>motasse</strong></span> <span class='ocrx_word' id='word_1_108' title='bbox 600 1699 729 1780; x_wconf 88' lang='lat' dir='ltr'><strong>quidem</strong></span> <span class='ocrx_word' id='word_1_109' title='bbox 747 1702 874 1775; x_wconf 87' lang='lat' dir='ltr'><strong>statum,</strong></span> <span class='ocrx_word' id='word_1_110' title='bbox 891 1716 947 1760; x_wconf 88' lang='lat' dir='ltr'><strong>seu</strong></span> <span class='ocrx_word' id='word_1_111' title='bbox 968 1700 1046 1762; x_wconf 82' lang='lat' dir='ltr'><strong>elte-</strong></span> 
     </span>
     <span class='ocr_line' id='line_1_16' title="bbox 108 1793 1043 1876; baseline 0 -18"><span class='ocrx_word' id='word_1_112' title='bbox 108 1815 182 1858; x_wconf 88' lang='lat' dir='ltr'><strong>rum</strong></span> <span class='ocrx_word' id='word_1_113' title='bbox 196 1797 228 1856; x_wconf 93' lang='lat' dir='ltr'><strong>in</strong></span> <span class='ocrx_word' id='word_1_114' title='bbox 242 1795 382 1858; x_wconf 80' lang='lat' dir='ltr'><strong>Ecclesia</strong></span> <span class='ocrx_word' id='word_1_115' title='bbox 395 1799 512 1858; x_wconf 85' lang='lat' dir='ltr'><strong>statum</strong></span> <span class='ocrx_word' id='word_1_116' title='bbox 526 1796 706 1876; x_wconf 87' lang='lat' dir='ltr'><strong>appetiisse,</strong></span> <span class='ocrx_word' id='word_1_117' title='bbox 722 1795 778 1856; x_wconf 88' lang='lat' dir='ltr'><strong>sed</strong></span> <span class='ocrx_word' id='word_1_118' title='bbox 794 1797 882 1856; x_wconf 85' lang='lat' dir='ltr'><strong>extra</strong></span> <span class='ocrx_word' id='word_1_119' title='bbox 896 1793 1043 1858; x_wconf 74' lang='lat' dir='ltr'><strong>Ecclesiae</strong></span> 
     </span>
     <span class='ocr_line' id='line_1_17' title="bbox 107 1891 1045 1954; baseline 0 0"><span class='ocrx_word' id='word_1_120' title='bbox 107 1891 365 1954; x_wconf 88' lang='lat' dir='ltr'><strong>communionem</strong></span> <span class='ocrx_word' id='word_1_121' title='bbox 378 1909 442 1952; x_wconf 92' lang='lat' dir='ltr'><strong>non</strong></span> <span class='ocrx_word' id='word_1_122' title='bbox 456 1910 524 1953; x_wconf 90' lang='lat' dir='ltr'><strong>esse</strong></span> <span class='ocrx_word' id='word_1_123' title='bbox 539 1892 754 1954; x_wconf 88' lang='lat' dir='ltr'><strong>constitutum.</strong></span> <span class='ocrx_word' id='word_1_124' title='bbox 770 1891 905 1953; x_wconf 82' lang='lat' dir='ltr'><strong>Proinde</strong></span> <span class='ocrx_word' id='word_1_125' title='bbox 920 1896 1045 1954; x_wconf 84' lang='lat' dir='ltr'><strong>mortua</strong></span> 
     </span>
     <span class='ocr_line' id='line_1_18' title="bbox 106 1987 1043 2068; baseline -0.002 -18"><span class='ocrx_word' id='word_1_126' title='bbox 106 1991 224 2052; x_wconf 88' lang='lat' dir='ltr'><strong>horum</strong></span> <span class='ocrx_word' id='word_1_127' title='bbox 245 2005 378 2066; x_wconf 89' lang='lat' dir='ltr'><strong>corpora</strong></span> <span class='ocrx_word' id='word_1_128' title='bbox 401 2005 523 2048; x_wconf 88' lang='lat' dir='ltr'><strong>summa</strong></span> <span class='ocrx_word' id='word_1_129' title='bbox 543 1988 694 2067; x_wconf 84' lang='lat' dir='ltr'><strong>religione</strong></span> <span class='ocrx_word' id='word_1_130' title='bbox 716 1987 871 2063; x_wconf 88' lang='lat' dir='ltr'><strong>custodit,</strong></span> <span class='ocrx_word' id='word_1_131' title='bbox 892 1991 1043 2068; x_wconf 88' lang='lat' dir='ltr'><strong>tanquam</strong></span> 
     </span>
    </p>
   </div>
   <div class='ocr_carea' id='block_1_4' title="bbox 107 2082 1137 2164">
    <p class='ocr_par' dir='ltr' id='par_1_5' title="bbox 107 2082 1137 2164">
     <span class='ocr_line' id='line_1_19' title="bbox 107 2082 1137 2164; baseline -0.005 -15"><span class='ocrx_word' id='word_1_132' title='bbox 107 2104 244 2164; x_wconf 88' lang='lat' dir='ltr'><strong>corpora</strong></span> <span class='ocrx_word' id='word_1_133' title='bbox 264 2085 421 2145; x_wconf 89' lang='lat' dir='ltr'><strong>sociorum</strong></span> <span class='ocrx_word' id='word_1_134' title='bbox 444 2102 584 2162; x_wconf 90' lang='lat' dir='ltr'><strong>suorum,</strong></span> <span class='ocrx_word' id='word_1_135' title='bbox 612 2084 713 2145; x_wconf 89' lang='lat' dir='ltr'><strong>sciens</strong></span> <span class='ocrx_word' id='word_1_136' title='bbox 732 2084 777 2144; x_wconf 90' lang='lat' dir='ltr'><strong>ita</strong></span> <span class='ocrx_word' id='word_1_137' title='bbox 795 2082 957 2145; x_wconf 88' lang='lat' dir='ltr'><strong>charitatis</strong></span> <span class='ocrx_word' id='word_1_138' title='bbox 976 2084 1043 2145; x_wconf 84' lang='lat' dir='ltr'><strong>olli·</strong></span> <span class='ocrx_word' id='word_1_139' title='bbox 1135 2095 1137 2099; x_wconf 84' lang='grc'><em>·</em></span> 
     </span>
    </p>
   </div>
   <div class='ocr_carea' id='block_1_5' title="bbox 104 2179 1044 3405">
    <p class='ocr_par' dir='ltr' id='par_1_6' title="bbox 104 2179 1044 3405">
     <span class='ocr_line' id='line_1_20' title="bbox 107 2179 1044 2261; baseline -0.005 -17"><span class='ocrx_word' id='word_1_140' title='bbox 107 2182 194 2245; x_wconf 91' lang='lat' dir='ltr'><strong>cium</strong></span> <span class='ocrx_word' id='word_1_141' title='bbox 207 2182 240 2241; x_wconf 94' lang='lat' dir='ltr'><strong>in</strong></span> <span class='ocrx_word' id='word_1_142' title='bbox 255 2198 309 2242; x_wconf 86' lang='lat' dir='ltr'><strong>eos</strong></span> <span class='ocrx_word' id='word_1_143' title='bbox 329 2180 504 2261; x_wconf 87' lang='lat' dir='ltr'><strong>rependere</strong></span> <span class='ocrx_word' id='word_1_144' title='bbox 526 2181 591 2261; x_wconf 86' lang='lat' dir='ltr'><strong>qni,</strong></span> <span class='ocrx_word' id='word_1_145' title='bbox 606 2180 681 2242; x_wconf 86' lang='lat' dir='ltr'><strong>licet</strong></span> <span class='ocrx_word' id='word_1_146' title='bbox 695 2182 726 2242; x_wconf 90' lang='lat' dir='ltr'><strong>et</strong></span> <span class='ocrx_word' id='word_1_147' title='bbox 745 2196 875 2256; x_wconf 89' lang='lat' dir='ltr'><strong>corpore</strong></span> <span class='ocrx_word' id='word_1_148' title='bbox 890 2179 994 2257; x_wconf 91' lang='lat' dir='ltr'><strong>soloti,</strong></span> <span class='ocrx_word' id='word_1_149' title='bbox 1012 2184 1044 2240; x_wconf 90' lang='lat' dir='ltr'><strong>et</strong></span> 
     </span>
     <span class='ocr_line' id='line_1_21' title="bbox 106 2274 1043 2358; baseline -0.006 -17"><span class='ocrx_word' id='word_1_150' title='bbox 106 2278 340 2358; x_wconf 82' lang='lat' dir='ltr'><strong>triumphantes</strong></span> <span class='ocrx_word' id='word_1_151' title='bbox 354 2277 385 2337; x_wconf 92' lang='lat' dir='ltr'><strong>in</strong></span> <span class='ocrx_word' id='word_1_152' title='bbox 400 2277 500 2352; x_wconf 86' lang='lat' dir='ltr'><strong>coelis,</strong></span> <span class='ocrx_word' id='word_1_153' title='bbox 516 2279 623 2338; x_wconf 87' lang='lat' dir='ltr'><strong>amant</strong></span> <span class='ocrx_word' id='word_1_154' title='bbox 637 2275 741 2337; x_wconf 89' lang='lat' dir='ltr'><strong>adhoc</strong></span> <span class='ocrx_word' id='word_1_155' title='bbox 755 2292 812 2354; x_wconf 93' lang='lat' dir='ltr'><strong>pro</strong></span> <span class='ocrx_word' id='word_1_156' title='bbox 828 2274 962 2336; x_wconf 87' lang='lat' dir='ltr'><strong>naturali</strong></span> <span class='ocrx_word' id='word_1_157' title='bbox 977 2277 1043 2336; x_wconf 87' lang='lat' dir='ltr'><strong>ten-</strong></span> 
     </span>
     <span class='ocr_line' id='line_1_22' title="bbox 106 2361 1041 2453; baseline -0.004 -18"><span class='ocrx_word' id='word_1_158' title='bbox 106 2374 216 2437; x_wconf 90' lang='lat' dir='ltr'><strong>dentia</strong></span> <span class='ocrx_word' id='word_1_159' title='bbox 229 2361 353 2434; x_wconf 88' lang='lat' dir='ltr'><strong>unionis</strong></span> <span class='ocrx_word' id='word_1_160' title='bbox 368 2371 596 2453; x_wconf 83' lang='lat' dir='ltr'><strong>hypostlralicae</strong></span> <span class='ocrx_word' id='word_1_161' title='bbox 612 2387 746 2449; x_wconf 90' lang='lat' dir='ltr'><strong>corpora</strong></span> <span class='ocrx_word' id='word_1_162' title='bbox 760 2388 830 2447; x_wconf 89' lang='lat' dir='ltr'><strong>sna,</strong></span> <span class='ocrx_word' id='word_1_163' title='bbox 852 2368 1041 2450; x_wconf 88' lang='lat' dir='ltr'><strong>illorumque</strong></span> 
     </span>
     <span class='ocr_line' id='line_1_23' title="bbox 106 2467 1042 2552; baseline -0.004 -20"><span class='ocrx_word' id='word_1_164' title='bbox 106 2472 257 2533; x_wconf 88' lang='lat' dir='ltr'><strong>unionem</strong></span> <span class='ocrx_word' id='word_1_165' title='bbox 270 2470 443 2530; x_wconf 92' lang='lat' dir='ltr'><strong>secundum</strong></span> <span class='ocrx_word' id='word_1_166' title='bbox 457 2469 513 2529; x_wconf 88' lang='lat' dir='ltr'><strong>Dei</strong></span> <span class='ocrx_word' id='word_1_167' title='bbox 527 2469 733 2552; x_wconf 85' lang='lat' dir='ltr'><strong>voluntatem,</strong></span> <span class='ocrx_word' id='word_1_168' title='bbox 750 2467 800 2529; x_wconf 89' lang='lat' dir='ltr'><strong>oui</strong></span> <span class='ocrx_word' id='word_1_169' title='bbox 815 2470 888 2529; x_wconf 89' lang='lat' dir='ltr'><strong>sunt</strong></span> <span class='ocrx_word' id='word_1_170' title='bbox 901 2468 1042 2547; x_wconf 83' lang='lat' dir='ltr'><strong>perfecte</strong></span> 
     </span>
     <span class='ocr_line' id='line_1_24' title="bbox 106 2563 1042 2641; baseline -0.009 -12"><span class='ocrx_word' id='word_1_171' title='bbox 106 2566 295 2641; x_wconf 81' lang='lat' dir='ltr'><strong>conformes,</strong></span> <span class='ocrx_word' id='word_1_172' title='bbox 325 2564 505 2627; x_wconf 90' lang='lat' dir='ltr'><strong>desiderant</strong></span> <span class='ocrx_word' id='word_1_173' title='bbox 523 2563 743 2626; x_wconf 80' lang='lat' dir='ltr'><strong>ardentissime</strong></span> <span class='ocrx_word' id='word_1_174' title='bbox 757 2566 790 2624; x_wconf 89' lang='lat' dir='ltr'><strong>et</strong></span> <span class='ocrx_word' id='word_1_175' title='bbox 817 2563 908 2623; x_wconf 91' lang='lat' dir='ltr'><strong>simul</strong></span> <span class='ocrx_word' id='word_1_176' title='bbox 933 2578 1042 2623; x_wconf 90' lang='lat' dir='ltr'><strong>eorum</strong></span> 
     </span>
     <span class='ocr_line' id='line_1_25' title="bbox 106 2656 1040 2741; baseline -0.011 -18"><span class='ocrx_word' id='word_1_177' title='bbox 106 2661 339 2741; x_wconf 86' lang='lat' dir='ltr'><strong>separationem</strong></span> <span class='ocrx_word' id='word_1_178' title='bbox 359 2659 526 2739; x_wconf 87' lang='lat' dir='ltr'><strong>patienter,</strong></span> <span class='ocrx_word' id='word_1_179' title='bbox 552 2662 584 2720; x_wconf 90' lang='lat' dir='ltr'><strong>et</strong></span> <span class='ocrx_word' id='word_1_180' title='bbox 604 2657 764 2721; x_wconf 85' lang='lat' dir='ltr'><strong>laetissime</strong></span> <span class='ocrx_word' id='word_1_181' title='bbox 785 2656 922 2717; x_wconf 83' lang='lat' dir='ltr'><strong>tolerant</strong></span> <span class='ocrx_word' id='word_1_182' title='bbox 940 2672 1040 2733; x_wconf 88' lang='lat' dir='ltr'><strong>usque</strong></span> 
     </span>
     <span class='ocr_line' id='line_1_26' title="bbox 106 2747 1042 2831; baseline -0.011 -13"><span class='ocrx_word' id='word_1_183' title='bbox 106 2757 149 2819; x_wconf 92' lang='lat' dir='ltr'><strong>ad</strong></span> <span class='ocrx_word' id='word_1_184' title='bbox 172 2754 280 2817; x_wconf 85' lang='lat' dir='ltr'><strong>saeculi</strong></span> <span class='ocrx_word' id='word_1_185' title='bbox 300 2753 603 2817; x_wconf 88' lang='lat' dir='ltr'><strong>consummationem</strong></span> <span class='ocrx_word' id='word_1_186' title='bbox 612 2773 625 2830; x_wconf 92' lang='lat'><strong>,·</strong></span> <span class='ocrx_word' id='word_1_187' title='bbox 646 2769 710 2831; x_wconf 85' lang='lat' dir='ltr'><strong>qua</strong></span> <span class='ocrx_word' id='word_1_188' title='bbox 735 2748 792 2811; x_wconf 91' lang='lat' dir='ltr'><strong>Dei</strong></span> <span class='ocrx_word' id='word_1_189' title='bbox 815 2747 1042 2824; x_wconf 88' lang='lat' dir='ltr'><strong>omnipotentia</strong></span> 
     </span>
     <span class='ocr_line' id='line_1_27' title="bbox 106 2844 948 2931; baseline -0.011 -19"><span class='ocrx_word' id='word_1_190' title='bbox 106 2852 258 2915; x_wconf 87' lang='lat' dir='ltr'><strong>suscitata</strong></span> <span class='ocrx_word' id='word_1_191' title='bbox 271 2869 328 2930; x_wconf 89' lang='lat' dir='ltr'><strong>pro</strong></span> <span class='ocrx_word' id='word_1_192' title='bbox 340 2850 399 2913; x_wconf 84' lang='lat' dir='ltr'><strong>oei</strong></span> <span class='ocrx_word' id='word_1_193' title='bbox 408 2850 530 2931; x_wconf 84' lang='lat' dir='ltr'><strong>justitia</strong></span> <span class='ocrx_word' id='word_1_194' title='bbox 544 2850 744 2910; x_wconf 87' lang='lat' dir='ltr'><strong>assumentur</strong></span> <span class='ocrx_word' id='word_1_195' title='bbox 757 2846 790 2906; x_wconf 91' lang='lat' dir='ltr'><strong>in</strong></span> <span class='ocrx_word' id='word_1_196' title='bbox 804 2844 948 2925; x_wconf 83' lang='lat' dir='ltr'><strong>gloriam.</strong></span> 
     </span>
     <span class='ocr_line' id='line_1_28' title="bbox 147 2936 1041 3027; baseline -0.013 -18"><span class='ocrx_word' id='word_1_197' title='bbox 147 2950 345 3026; x_wconf 85' lang='lat' dir='ltr'><strong>Quapropter</strong></span> <span class='ocrx_word' id='word_1_198' title='bbox 363 2946 432 3027; x_wconf 73' lang='lat' dir='ltr'><strong>J&#39;am</strong></span> <span class='ocrx_word' id='word_1_199' title='bbox 452 2949 527 3007; x_wconf 87' lang='lat' dir='ltr'><strong>tunc</strong></span> <span class='ocrx_word' id='word_1_200' title='bbox 553 2963 573 3007; x_wconf 88' lang='lat' dir='ltr'><strong>a</strong></span> <span class='ocrx_word' id='word_1_201' title='bbox 599 2952 657 3006; x_wconf 85' lang='lat' dir='ltr'><strong>sua</strong></span> <span class='ocrx_word' id='word_1_202' title='bbox 682 2942 876 3005; x_wconf 89' lang='lat' dir='ltr'><strong>institutione</strong></span> <span class='ocrx_word' id='word_1_203' title='bbox 900 2936 1041 3000; x_wconf 79' lang='lat' dir='ltr'><strong>Ecclesia</strong></span> 
     </span>
     <span class='ocr_line' id='line_1_29' title="bbox 106 3029 1041 3117; baseline -0.017 -13"><span class='ocrx_word' id='word_1_204' title='bbox 106 3043 167 3103; x_wconf 88' lang='lat' dir='ltr'><strong>hac</strong></span> <span class='ocrx_word' id='word_1_205' title='bbox 184 3041 248 3100; x_wconf 84' lang='lat' dir='ltr'><strong>lide</strong></span> <span class='ocrx_word' id='word_1_206' title='bbox 266 3045 299 3100; x_wconf 88' lang='lat' dir='ltr'><strong>et</strong></span> <span class='ocrx_word' id='word_1_207' title='bbox 319 3057 374 3117; x_wconf 92' lang='lat' dir='ltr'><strong>spe</strong></span> <span class='ocrx_word' id='word_1_208' title='bbox 394 3038 524 3117; x_wconf 84' lang='lat' dir='ltr'><strong>percita,</strong></span> <span class='ocrx_word' id='word_1_209' title='bbox 545 3054 610 3098; x_wconf 93' lang='lat' dir='ltr'><strong>non</strong></span> <span class='ocrx_word' id='word_1_210' title='bbox 629 3040 715 3099; x_wconf 85' lang='lat' dir='ltr'><strong>mota</strong></span> <span class='ocrx_word' id='word_1_211' title='bbox 733 3031 865 3113; x_wconf 82' lang='lat' dir='ltr'><strong>paganis</strong></span> <span class='ocrx_word' id='word_1_212' title='bbox 889 3029 1041 3109; x_wconf 88' lang='lat' dir='ltr'><strong>supersti-</strong></span> 
     </span>
     <span class='ocr_line' id='line_1_30' title="bbox 104 3125 1038 3212; baseline -0.015 -13"><span class='ocrx_word' id='word_1_213' title='bbox 104 3136 254 3212; x_wconf 86' lang='lat' dir='ltr'><strong>tionibus,</strong></span> <span class='ocrx_word' id='word_1_214' title='bbox 276 3136 438 3197; x_wconf 84' lang='lat' dir='ltr'><strong>consuevit</strong></span> <span class='ocrx_word' id='word_1_215' title='bbox 460 3151 612 3195; x_wconf 87' lang='lat' dir='ltr'><strong>excavare</strong></span> <span class='ocrx_word' id='word_1_216' title='bbox 637 3130 782 3211; x_wconf 90' lang='lat' dir='ltr'><strong>sepulcra</strong></span> <span class='ocrx_word' id='word_1_217' title='bbox 803 3127 934 3189; x_wconf 88' lang='lat' dir='ltr'><strong>mortuis</strong></span> <span class='ocrx_word' id='word_1_218' title='bbox 962 3125 1038 3201; x_wconf 90' lang='lat' dir='ltr'><strong>suis,</strong></span> 
     </span>
     <span class='ocr_line' id='line_1_31' title="bbox 107 3216 1039 3309; baseline -0.014 -18"><span class='ocrx_word' id='word_1_219' title='bbox 107 3248 209 3309; x_wconf 87' lang='lat' dir='ltr'><strong>eaque</strong></span> <span class='ocrx_word' id='word_1_220' title='bbox 228 3246 352 3289; x_wconf 88' lang='lat' dir='ltr'><strong>summa</strong></span> <span class='ocrx_word' id='word_1_221' title='bbox 370 3228 488 3308; x_wconf 86' lang='lat' dir='ltr'><strong>pietate</strong></span> <span class='ocrx_word' id='word_1_222' title='bbox 517 3225 686 3287; x_wconf 88' lang='lat' dir='ltr'><strong>custodire.</strong></span> <span class='ocrx_word' id='word_1_223' title='bbox 710 3226 750 3286; x_wconf 92' lang='lat' dir='ltr'><strong>Ut</strong></span> <span class='ocrx_word' id='word_1_224' title='bbox 772 3226 877 3284; x_wconf 88' lang='lat' dir='ltr'><strong>autem</strong></span> <span class='ocrx_word' id='word_1_225' title='bbox 902 3216 1039 3299; x_wconf 91' lang='lat' dir='ltr'><strong>pressius</strong></span> 
     </span>
     <span class='ocr_line' id='line_1_32' title="bbox 106 3314 1041 3405; baseline -0.014 -18"><span class='ocrx_word' id='word_1_226' title='bbox 106 3326 300 3405; x_wconf 85' lang='lat' dir='ltr'><strong>significaret</strong></span> <span class='ocrx_word' id='word_1_227' title='bbox 331 3323 514 3386; x_wconf 84' lang='lat' dir='ltr'><strong>societatem</strong></span> <span class='ocrx_word' id='word_1_228' title='bbox 548 3339 643 3402; x_wconf 88' lang='lat' dir='ltr'><strong>qoam</strong></span> <span class='ocrx_word' id='word_1_229' title='bbox 680 3322 787 3400; x_wconf 86' lang='lat' dir='ltr'><strong>sperat</strong></span> <span class='ocrx_word' id='word_1_230' title='bbox 818 3316 982 3379; x_wconf 87' lang='lat' dir='ltr'><strong>habituros</strong></span> <span class='ocrx_word' id='word_1_231' title='bbox 1007 3314 1041 3375; x_wconf 91' lang='lat' dir='ltr'><strong>in</strong></span> 
     </span>
    </p>
   </div>
   <div class='ocr_carea' id='block_1_6' title="bbox 104 3414 1042 3494">
    <p class='ocr_par' dir='ltr' id='par_1_7' title="bbox 104 3414 1042 3494">
     <span class='ocr_line' id='line_1_33' title="bbox 104 3414 1042 3494; baseline -0.013 -9"><span class='ocrx_word' id='word_1_232' title='bbox 104 3421 229 3485; x_wconf 80' lang='lat' dir='ltr'><strong>Christo</strong></span> <span class='ocrx_word' id='word_1_233' title='bbox 243 3425 277 3483; x_wconf 91' lang='lat' dir='ltr'><strong>et</strong></span> <span class='ocrx_word' id='word_1_234' title='bbox 289 3420 322 3481; x_wconf 91' lang='lat' dir='ltr'><strong>in</strong></span> <span class='ocrx_word' id='word_1_235' title='bbox 336 3421 488 3484; x_wconf 85' lang='lat' dir='ltr'><strong>charitate</strong></span> <span class='ocrx_word' id='word_1_236' title='bbox 504 3419 671 3482; x_wconf 76' lang='lat' dir='ltr'><strong>defunctos</strong></span> <span class='ocrx_word' id='word_1_237' title='bbox 693 3433 766 3478; x_wconf 86' lang='lat' dir='ltr'><strong>suos</strong></span> <span class='ocrx_word' id='word_1_238' title='bbox 788 3414 906 3494; x_wconf 85' lang='lat' dir='ltr'><strong>placuit</strong></span> <span class='ocrx_word' id='word_1_239' title='bbox 918 3414 963 3475; x_wconf 88' lang='lat' dir='ltr'><strong>illi</strong></span> <span class='ocrx_word' id='word_1_240' title='bbox 979 3430 1042 3473; x_wconf 91' lang='lat' dir='ltr'><strong>non</strong></span> 
     </span>
    </p>
   </div>
   <div class='ocr_carea' id='block_1_7' title="bbox 105 3504 1043 3656">
    <p class='ocr_par' dir='ltr' id='par_1_8' title="bbox 105 3504 1043 3656">
     <span class='ocr_line' id='line_1_34' title="bbox 105 3504 1043 3590; baseline -0.007 -18"><span class='ocrx_word' id='word_1_241' title='bbox 105 3528 277 3590; x_wconf 80' lang='lat' dir='ltr'><strong>segregare</strong></span> <span class='ocrx_word' id='word_1_242' title='bbox 299 3509 369 3572; x_wconf 91' lang='lat' dir='ltr'><strong>illos</strong></span> <span class='ocrx_word' id='word_1_243' title='bbox 390 3530 449 3572; x_wconf 90' lang='lat' dir='ltr'><strong>nec</strong></span> <span class='ocrx_word' id='word_1_244' title='bbox 471 3510 593 3573; x_wconf 87' lang='lat' dir='ltr'><strong>ratione</strong></span> <span class='ocrx_word' id='word_1_245' title='bbox 615 3507 766 3589; x_wconf 88' lang='lat' dir='ltr'><strong>sepulcri;</strong></span> <span class='ocrx_word' id='word_1_246' title='bbox 793 3508 849 3569; x_wconf 89' lang='lat' dir='ltr'><strong>sed</strong></span> <span class='ocrx_word' id='word_1_247' title='bbox 869 3504 1043 3587; x_wconf 83' lang='lat' dir='ltr'><strong>prouti&#39;ea-</strong></span> 
     </span>
     <span class='ocr_line' id='line_1_35' title="bbox 910 3600 957 3656; baseline -0.021 0"><span class='ocrx_word' id='word_1_248' title='bbox 910 3600 957 3656; x_wconf 75' lang='lat'><strong>18*</strong></span> 
     </span>
    </p>
   </div>
   <div class='ocr_carea' id='block_1_8' title="bbox 0 0 1226 4125">
    <p class='ocr_par' dir='ltr' id='par_1_9' title="bbox 0 0 1226 4125">
     <span class='ocr_line' id='line_1_36' title="bbox 0 0 1226 4125; baseline 0 3"><span class='ocrx_word' id='word_1_249' title='bbox 0 0 1226 4125; x_wconf 95' lang='lat' dir='ltr'><strong> </strong></span> 
     </span>
    </p>
   </div>
  </div>
 </body>
</html>
