2442 4125
218 316 257 376 36
429 322 659 374 ntsrrrurtonus
679 326 762 373 Junrs
782 327 937 373 csuomen

216 474 325 535 tunlur
338 468 482 545 ministri,
499 469 657 546 sacerdos,
675 487 772 548 quum
786 470 936 548 baptizat,
948 487 1011 531 non
1023 478 1152 532 exercet

217 564 335 627 ordinis
349 561 557 642 potestatem?
571 579 648 621 num
663 561 788 622 collatio
802 562 1000 640 baptismatis
1019 580 1086 622 non
1104 571 1151 626 est

216 663 303 721 uetus
318 656 458 720 ordinis?
472 656 625 736 numquid
639 657 693 716 illa
706 657 805 718 verba
820 678 827 718 :
846 657 1043 735 «Baptizato,
1058 664 1119 719 eto.
1130 683 1143 716 n
1204 661 1205 744 p

216 754 360 815 omnibus
376 753 460 815 diota
474 755 557 829 sunt,
574 769 637 812 non
651 752 727 812 solis
741 752 912 829 apostolis?
924 751 1055 813 minime
1068 773 1077 825 3
1094 754 1149 813 sed

215 847 338 910 oollatio
352 846 548 924 baptismatis
568 850 616 905 est
633 843 751 904 functio
770 844 889 906 ordinis
907 844 1146 924 presbyteralis,

214 957 347 1019 eamque
363 941 488 999 exercet
502 937 649 999 sacerdos
659 955 757 1017 quum
764 937 917 1016 baptizut3
931 956 1030 1017 quum
1040 943 1147 1001 autem

213 1052 317 1097 sermo
339 1037 421 1095 esset
444 1033 483 1093 de
506 1036 703 1095 saoramento
723 1032 758 1092 in
779 1033 923 1095 absoluta
945 1033 1145 1111 neeessitate,

213 1129 313 1191 noluit
327 1128 469 1190 Christus
483 1132 518 1191 ut
530 1129 574 1190 ita
587 1128 741 1207 penderet
757 1147 778 1189 a
795 1131 951 1209 potestate
965 1129 1100 1207 ordinis,
1116 1134 1148 1191 ut

213 1224 280 1286 sino
295 1241 333 1284 eo
350 1223 543 1302 baptismum
562 1223 673 1283 heberi
691 1241 753 1284 non
772 1228 888 1303 posset,
908 1224 990 1285 sient
1007 1224 1079 1285 sine
1098 1244 1145 1302 ea,

212 1338 243 1382 v.
259 1336 308 1399 gr.
325 1336 386 1379 non
402 1318 538 1380 habetur
557 1318 769 1393 Euoharistia3
790 1319 846 1379 sed
865 1318 992 1379 admisit
1013 1322 1048 1379 ut
1067 1321 1146 1381 alius

212 1415 266 1497 qui
281 1432 345 1475 non
359 1413 399 1473 sit
413 1413 571 1491 suoerdos,
587 1412 651 1473 imo
666 1430 725 1473 neo
738 1412 851 1489 fidelis,
872 1411 971 1490 possit
988 1411 1074 1473 illius
1095 1413 1147 1473 de-

211 1513 329 1573 feotum
343 1509 499 1589 supplere.
516 1508 624 1573 Voluit
637 1515 673 1567 ut
688 1508 819 1586 quilibet
830 1506 1024 1586 baptizaret,
1041 1508 1146 1568 valide

210 1607 402 1685 baptizaret,
417 1604 490 1667 lieet
503 1605 536 1667 vi
550 1602 668 1667 ordinis
682 1603 741 1667 soli
754 1602 934 1665 sacerdotes
947 1602 1146 1681 baptizarent

211 1701 381 1765 ordinario.
839 1713 841 1716 ·

251 1798 325 1859 llaee
340 1794 517 1858 oeconomia
531 1813 627 1877 quam
641 1796 782 1858 Christus
800 1799 926 1858 seontus
946 1799 995 1857 est
1014 1795 1048 1856 in
1069 1795 1144 1878 bap·

210 1893 335 1959 tismate
350 1891 552 1970 instituendo,
575 1890 660 1955 viem
678 1892 780 1971 sperit
799 1896 833 1954 ut
851 1892 985 1971 analogo
1004 1893 1142 1972 quodam

209 2008 355 2054 sermone
370 1989 561 2070 explicemus
576 1989 785 2051 oeoonomiam
799 2004 894 2069 quam
908 1990 1035 2049 seoutus
1049 1995 1099 2049 est
1111 1991 1141 2050 in

210 2087 458 2152 confirmatione.
475 2087 660 2149 Ordinsrius
673 2083 815 2145 minister
829 2083 954 2146 Ordinis
976 2088 1007 2146 el
1024 2084 1141 2145 Confir-

209 2184 356 2244 mationis
377 2185 424 2248 est
445 2180 609 2261 episeopus
633 2199 641 2241 ε
667 2196 743 2258 ergo
767 2179 890 2258 quoties
911 2184 1080 2256 promovet
1102 2179 1141 2240 ad

210 2273 335 2335 ordines
350 2275 382 2332 et
396 2275 571 2349 ooniirmat,
594 2273 625 2335 vi
644 2271 768 2356 Ordinis
788 2276 946 2351 operatur,
967 2275 999 2332 et
1019 2276 1141 2334 exercet

210 2385 305 2450 quam
318 2366 425 2444 hebet,
442 2368 566 2428 Ordinis
579 2372 782 2449 potestatem,

249 2465 290 2525 st
304 2479 367 2523 non
382 2463 492 2523 eodem
506 2463 601 2525 modo
615 2465 769 2526 eontentio
783 2463 950 2526 amborum
963 2481 1139 2526 sacramen-

209 2563 315 2624 torum
328 2558 474 2637 potestati
489 2560 614 2622 Ordinis
629 2559 814 2640 episeopalis
823 2547 824 2551 ¹
834 2559 962 2638 alligata
980 2564 1038 2621 est.
1061 2562 1139 2620 Nam

209 2655 344 2718 defeetui
359 2657 522 2734 potestatis
535 2657 660 2718 Ordinis
674 2656 859 2737 episcopalis
873 2656 1011 2736 suppleri
1031 2656 1139 2736 nequit

207 2755 240 2817 in
255 2771 345 2816 sacra
359 2753 572 2817 Ordinatione.
589 2756 751 2838 Ordinatio
773 2755 924 2835 (intelligo
939 2754 1138 2816 oollationem

208 2853 356 2915 ordinum
369 2850 649 2932 hierarchioorum)
665 2871 685 2914 a
703 2870 766 2913 non
785 2851 932 2931 episeopo
951 2850 1035 2913 faeta
1053 2853 1137 2936 nulla

208 2952 265 3012 est.
281 2951 323 3010 At
336 2966 399 3010 non
413 2948 458 3010 ita
471 2949 642 3030 requiritur
655 2952 794 3029 potestas
813 2947 931 3009 ordinis
949 2947 1056 3026 quoad
1075 2948 1137 3010 ool·

205 3043 355 3106 lationem
370 3045 627 3124 confirmationis,
643 3050 678 3107 ut
698 3045 778 3106 alius
796 3062 859 3106 non
878 3044 1044 3123 episeopus
1062 3061 1135 3105 oon·

206 3139 289 3200 ferre
304 3156 366 3199 non
388 3141 497 3218 possit,
522 3141 613 3204 sicuti
634 3140 769 3202 diximus
789 3139 829 3200 de
850 3138 1048 3217 baptismate.
1074 3138 1135 3201 Sed

206 3235 360 3299 distinctio
375 3238 407 3298 in
422 3237 483 3299 hoo
497 3243 553 3316 est,
578 3239 663 3322 quod
684 3257 781 3318 quum
801 3239 834 3298 in
854 3238 1042 3316 baptismate
1063 3255 1134 3317 age·

203 3335 292 3393 retur
315 3333 353 3392 de
378 3339 573 3415 saoramento
598 3335 740 3397 absolute
763 3333 954 3410 necessario,
967 3333 1079 3394 ‘voluit
1101 3337 1134 3395 ut

204 3428 351 3489 defeetus·
360 3430 523 3507 potestatis
538 3432 657 3493 ordinis
671 3438 777 3511 posset
790 3451 810 3493 a
824 3431 964 3513 quolibet
981 3424 1129 3509 suppleri,

203 3542 266 3586 uon
286 3525 331 3589 ita
357 3547 432 3593 vero
460 3530 493 3590 in
521 3531 778 3607 confirmatione
803 3532 859 3592 sed
882 3531 984 3592 solum
1006 3533 1132 3612 possent
