2442 4125
183 317 241 374 eat
391 322 619 371 rusurronorrs
640 323 723 369 rums
747 323 902 371 aaronica

183 470 367 547 nationales,
393 473 555 532 cesserunt
577 469 686 530 favore
701 469 819 547 publici
838 470 956 544 ararii3
974 475 1007 534 et
1021 489 1122 552 opere

183 566 445 629 concordatorum
465 565 627 644 provisum
651 568 698 627 est
722 569 758 626 ut
778 564 941 643 publicum
968 567 1124 628 ararium

182 681 303 724 annuas
323 662 424 725 solvat
446 661 612 741 pensiones
641 660 748 722 favore
772 661 990 723 ministrorum
1013 662 1122 726 cultus

183 759 296 830 diviui;
328 757 442 819 alicubi
470 755 620 833 Ecclesia,
646 761 681 816 ut
703 755 826 818 accedit
852 757 1032 834 praesertim
1064 759 1123 818 sub

182 853 350 914 schismate
364 851 542 932 anglicano,
559 851 644 930 quod
658 851 717 912 sibi
735 850 874 912 furatum
895 854 943 913 est
959 852 1050 914 bona
1064 856 1125 915 Ec-

183 950 285 1011 clesioe
299 948 472 1024 catholice,
490 952 600 1010 coacta
619 950 666 1008 eet
685 947 792 1008 vivere
806 947 1020 1010 oblationibus
1046 949 1126 1010 fide-

181 1045 259 1106 lium
273 1045 352 1105 adeo
371 1048 407 1107 ut
420 1043 473 1124 jue
491 1043 532 1104 ad
547 1047 718 1120 proventus
731 1043 922 1120 temporales
937 1043 1045 1106 officio
1061 1046 1123 1106 cle—

182 1137 271 1199 ricali
279 1137 474 1216 respondens
483 1138 524 1198 sit
529 1136 583 1217 jus
590 1135 763 1215 recipiendi
772 1136 914 1197 fidelium
929 1136 1122 1200 oblationes.

221 1234 277 1293 lla
300 1236 374 1294 sunt
395 1233 625 1294 vicissitudines
648 1231 762 1313 quibus
788 1231 946 1312 subjacuit
967 1233 1122 1294 adminis-

180 1327 272 1392 tratio
287 1326 403 1406 peculii
423 1328 627 1390 ecclesiastici
647 1328 804 1390 inordina
826 1328 867 1389 ad
881 1328 1123 1406 providendum

181 1423 311 1486 clericos
338 1423 377 1484 de
405 1422 476 1484 vite
501 1423 698 1486 necessariis.
724 1425 894 1487 Videamus
922 1443 1005 1504 quas
1033 1427 1122 1488 vices

181 1519 312 1583 subierit
330 1537 369 1580 ex
391 1537 431 1580 ea
452 1521 542 1598 parte
565 1535 636 1600 quae
660 1523 781 1600 spectat
798 1520 934 1583 fabricas
956 1521 1123 1584 ecclesias·

181 1616 271 1692 ticas,
287 1620 342 1677 aut
354 1632 541 1696 pauperum.
836 1689 838 1693 Ι

221 1714 266 1772 lle
280 1711 339 1773 hac
353 1730 388 1771 re
402 1711 553 1772 nonnulla
567 1710 630 1771 dixi
645 1715 797 1791 sequutus
808 1711 928 1774 Walter
938 1710 979 1774 de
989 1711 1121 1774 fabricis

182 1807 408 1885 ecclesiasticis,
420 1811 452 1870 et
464 1806 504 1868 de
519 1806 738 1887 hospitalibus.

564 2005 670 2057 CAPUT
686 2005 730 2056 lll·
758 2053 760 2061 ,

302 2153 336 2191 DE
350 2152 554 2191 consonamus
571 2150 704 2189 ECCLESIAE
721 2150 802 2190 BONIS
818 2150 997 2191 ALIENANDIS.

219 2295 244 2352 l.
260 2293 348 2353 Bona
362 2291 510 2353 Ecclesiae
523 2290 711 2371 temporalia
724 2308 788 2351 non
807 2292 925 2354 habent
943 2292 1067 2374 aliquid
1083 2296 1112 2356 in

179 2391 292 2449 natura
300 2406 358 2448 sua
367 2392 403 2450 ut
411 2407 431 2449 a
440 2389 561 2450 ceteris
574 2386 801 2468 temporalibus
814 2388 906 2450 bouis
918 2388 1112 2471 distinguan-

178 2490 246 2557 tur;
263 2488 296 2544 at
309 2485 376 2545 tota
388 2483 567 2546 differentia
581 2503 644 2564 qua
662 2503 682 2545 a
699 2486 821 2547 caeteris
839 2485 935 2547 rebus
949 2486 1106 2564 differunt,

179 2598 248 2663 qua
264 2580 382 2643 suntin
396 2578 536 2643 dominio
551 2580 706 2659 saeculari,
723 2599 756 2643 se
769 2585 856 2645 tenet
870 2582 910 2643 ab
921 2583 1103 2659 extrinseco,

177 2676 324 2739 videlicet
337 2676 479 2739 consistit
491 2675 523 2736 in
538 2676 757 2738 destinatione.
770 2678 788 2739 J
791 2694 917 2738 amvero
928 2677 1023 2741 sicuti
1031 2678 1107 2738 banc

178 2771 419 2835 destinationem
438 2772 607 2851 acquirunt
627 2789 698 2833 cum
719 2775 884 2834 transeunt
906 2773 940 2833 in
962 2774 1107 2835 Ecclesia

178 2868 364 2944 dominium,
388 2868 433 2930 ita
453 2866 640 2947 acquisitam
659 2866 821 2945 amittunt,
846 2867 1005 2947 siquidem
1024 2874 1108 2931 extra

177 2962 325 3025 Ecclesia
340 2960 513 3023 dominium
528 2961 766 3023 constituantur.
780 2963 877 3022 Porro
887 2958 1007 3039 duplici
1018 2961 1106 3023 modo

177 3057 360 3139 contingere
382 3061 487 3135 potest
509 3059 544 3118 ut
566 3074 618 3117 res
641 3055 830 3134 temporales
853 3057 943 3117 extra
961 3055 1105 3117 Ecclesia

177 3154 350 3216 dominium
379 3154 617 3228 constituantur,
653 3151 800 3214 videlicet
838 3155 868 3213 l⁰
901 3150 1102 3229 alienatione,

175 3251 208 3307 2⁰
228 3250 490 3330 prescriptione:
515 3251 684 3329 utrumque
708 3248 838 3309 modum
856 3248 995 3310 breviter
1010 3250 1103 3309 consi-

176 3340 333 3421 deramus,
346 3352 382 3405 ut
392 3345 618 3408 constituamus
635 3362 704 3426 quae
714 3344 918 3425 requiruntur
929 3348 963 3407 ut
973 3348 1100 3423 utraque

174 3433 316 3509 legitima
330 3438 477 3501 habenda
489 3440 539 3517 sit,
557 3445 588 3503 et
600 3444 753 3520 tanquam
767 3440 879 3502 modus
893 3437 1097 3501 transterendi

178 3526 349 3586 dominium
363 3530 519 3594 bonorum
533 3537 826 3599 ecclesiasticorum.
