2442 4125
329 359 368 403 nn
390 357 520 405 onmem
539 359 623 404 rums
645 357 800 405 cenoman.
971 349 1030 408 289

136 501 248 562 Plures
261 501 380 564 suntin
394 501 534 562 Ecclesia
547 518 599 561 res
620 501 771 564 ordinata
793 502 833 576 ad
848 501 1031 566 exercitium

77 597 260 659 charitatis
273 598 307 658 in
320 615 354 658 se
367 597 471 676 ipsum
485 597 544 658 sub
561 603 697 679 unoque
716 602 872 677 respectu.
897 599 959 660 Sed
980 619 1031 661 res

79 694 250 756 ordinatae
260 693 302 754 ad
310 693 493 756 exercitium
503 693 667 754 charitatis
677 712 747 774 quae
758 695 843 757 cadit
852 695 911 756 sub
920 695 1030 756 ordine

78 789 300 868 praeceptivo,
316 805 380 848 non
403 787 586 849 desiderant
606 787 777 866 specialem
796 790 1028 868 tractationem,

82 883 215 962 quippe
230 898 300 961 qua
315 880 496 942 coincidunt
510 897 582 942 cum
602 881 729 943 coeteris
752 880 793 942 ad
816 881 913 943 vitam
932 883 1031 945 chris·

80 978 217 1038 tianam
239 976 474 1056 acquirendam,
494 976 732 1056 perficiendam,
753 977 963 1038 exercendam
977 996 1032 1040 ne-

86 1071 253 1148 cessariis,
279 1071 318 1132 de
345 1071 459 1151 quibus
485 1072 601 1151 partim
629 1072 762 1152 egimus,
788 1073 902 1150 partim
927 1075 1030 1135 acturi

86 1185 218 1228 snmus.
242 1168 326 1246 Ergo
349 1170 416 1230 tota
437 1168 584 1228 tractatio
606 1168 802 1228 convortitur
828 1168 870 1229 ad
897 1186 937 1230 aa
959 1186 1029 1249 quae

87 1266 242 1342 spectant
254 1263 438 1324 exercitium
451 1263 642 1343 evangelica
657 1261 867 1340 perfectionis.
885 1266 960 1326 llaec
973 1283 1031 1326 an·

86 1362 165 1419 tem
186 1360 289 1419 essent
308 1357 494 1438 multiplicia
511 1359 721 1420 instrumenta
741 1359 1028 1430 mortificationum,

86 1453 225 1515 habitus
248 1456 279 1514 et
298 1457 403 1516 vestes
417 1454 649 1534 poenitentialos
670 1457 702 1516 et
722 1455 890 1536 religiosae,
912 1456 1029 1535 regulae

86 1550 317 1629 religiosorum
326 1551 484 1626 ordinum,
493 1549 771 1632 locaaoquireudae
783 1551 831 1612 vel
846 1549 1030 1610 exercenda

87 1645 276 1726 perfectiori
296 1646 368 1707 vitae
382 1645 548 1708 destinata.

138 1742 202 1804 Sed
224 1759 295 1803 cnm
315 1741 536 1804 tractationem
557 1742 639 1803 hanc
663 1759 700 1802 ax
719 1743 808 1820 parto
823 1739 1030 1820 praevenerim

64 1860 66 1862 ·
91 1837 221 1918 agendo
236 1838 276 1898 de
290 1840 372 1899 statu
388 1839 536 1919 regulari,
548 1837 700 1900 coercebo
715 1841 903 1916 praesentcm
916 1840 1030 1899 tracta·

91 1935 218 1995 tionem
232 1936 355 1996 tantum
370 1933 410 1994 ad
425 1934 495 1995 loca
509 1951 579 2013 qua
594 1933 794 2014 perfectionis
808 1935 863 1994 sut
876 1933 1029 2013 religiosa

93 2029 172 2091 vita
186 2029 394 2092 observantie
410 2033 519 2110 patent
531 2029 563 2091 in
578 2028 729 2105 Ecclesia,
742 2030 777 2089 ut
790 2027 893 2089 dicam
907 2027 947 2089 de
961 2027 1031 2088 illo-

95 2141 170 2184 rum
176 2123 341 2201 speciebus
350 2122 455 2199 variis,
469 2124 509 2184 de
518 2123 588 2202 lege
599 2139 662 2201 qua
671 2118 887 2195 instituuntur,
898 2116 1030 2179 velaedi·

95 2221 245 2296 ficantur,
261 2220 300 2281 de
314 2219 384 2299 lege
399 2238 463 2300 qna
476 2222 619 2281 exaucto
639 2216 857 2279 custodiuntur
877 2219 912 2277 nt
934 2215 1030 2275 finem

96 2334 164 2377 suae
178 2315 381 2378 institutionis
394 2316 567 2377 obtineant.

464 2479 486 2523 1.
500 2479 532 2523 Do
543 2479 664 2534 speciebus.

137 2605 177 2667 Π.
194 2604 468 2678 Quemadmodum
480 2602 546 2665 vita
559 2603 712 2683 regularis
727 2601 786 2662 fuit
805 2602 966 2661 eremitica
979 2600 1030 2661 vel

98 2700 299 2777 coenobitica,
321 2702 401 2762 loca.
411 2700 452 2761 ad
474 2716 545 2759 eam
566 2695 774 2759 exercendam
795 2694 952 2755 destinata
966 2692 1031 2752 lue·

98 2799 295 2858 runtLaurae
305 2797 356 2857 vel
366 2796 518 2871 caenobia,
534 2797 638 2857 Laura
651 2791 766 2852 dicitur
779 2787 914 2849 solitudo
925 2787 956 2846 in
968 2803 1031 2864 qua

97 2890 207 2968 plures
221 2892 294 2951 sunt
307 2889 440 2951 diuersae
455 2887 574 2949 cellulae
587 2888 620 2947 in
631 2886 745 2966 quibus
755 2881 885 2945 solitarii
894 2878 1031 2940 invicem

97 2988 235 3068 sejuncti
262 2991 385 3050 veteres
409 2988 558 3049 vivebant
583 2984 730 3046 Eremitae
759 2985 791 3042 et
817 2975 1028 3041 Anaohoritae.

99 3083 286 3146 Goenobinm
309 3091 416 3145 autem
440 3088 488 3145 est
514 3082 718 3155 domicilium,
749 3076 918 3139 aedilicium
946 3070 1032 3151 quod

100 3179 266 3239 hominum
278 3180 462 3241 societatem
477 3174 761 3256 comprehenderet
779 3168 986 3233 vivendorum
999 3165 1031 3225 in

101 3275 272 3337 communi.

141 3373 216 3431 Haeo
240 3376 345 3432 antem
367 3368 512 3431 coenobia
525 3367 685 3428 variarum
699 3364 826 3424 luerunt
844 3358 1032 3440 specierum,

102 3467 134 3525 et
146 3463 242 3524 variis
255 3462 434 3524 nominibus
447 3459 597 3539 insignita
610 3460 683 3518 sunt
697 3473 754 3535 pro
768 3453 858 3515 varia
867 3449 972 3512 indole
987 3466 1033 3507 re·

101 3561 222 3640 ligiosae
236 3558 469 3622 communitatis
484 3574 554 3637 qua
568 3555 623 3616 illa
635 3553 804 3615 incolebat.
917 3642 949 3694 17

195 3672 261 3711 Tol·
281 3673 312 3710 n.
