2442 4125
220 312 257 371 ll
426 320 654 368 1usrrrnrronss
677 320 760 367 rums
782 318 937 365 carorum.

220 465 375 528 cindendo
390 464 484 526 etiam
499 483 518 525 a
531 470 691 544 praecepto
708 464 840 543 positivo
860 480 922 543 quo
941 463 1068 524 illorum
1086 480 1152 523 sus

219 561 322 640 ceptio
337 560 478 641 injuncta
491 560 585 621 fuerit
598 559 828 637 proscindendo
839 578 859 619 a
868 559 962 638 culpa
976 559 1152 619 amissionis

220 658 403 731 eorundem,
419 657 587 717 intrinsece
601 660 675 717 sunt
690 655 867 716 necessaria
885 658 920 716 ut
940 654 1035 715 bomo
1057 654 1152 714 finem

220 768 311 812 suum
339 755 534 827 assequatur.
564 753 632 811 Boo
660 750 728 811 bac
751 751 949 809 sacramenta
972 751 1153 827 supponunt

220 846 380 907 hominem
398 845 430 905 in
447 848 529 906 statu
544 844 666 922 peccati
680 844 895 919 constitutum,
912 843 1049 922 ideoque
1064 844 1151 904 deor·

221 941 361 1003 dinatum
384 958 403 1001 a
422 941 492 1000 finis
514 940 614 1000 ultimi
637 940 844 1015 assecutione,
868 957 927 999 nee
947 939 1039 999 aliter
1058 957 1151 1018 quam

220 1050 278 1109 per
291 1049 400 1091 eorum
410 1032 640 1110 susceptionem
648 1050 739 1110 posse
749 1033 864 1094 iterum
874 1033 906 1092 in
916 1033 1012 1094 finem
1028 1035 1150 1095 ordina-

220 1127 257 1187 ri.
270 1126 359 1187 'lolia
368 1130 441 1188 sunt
456 1126 630 1206 baptismus
645 1134 677 1187 et
692 1128 892 1207 poenitentia,
909 1128 1029 1206 primus
1043 1128 1151 1189 intrin-
1207 1169 1208 1206 3

221 1238 291 1282 eece
306 1225 336 1282 et
351 1222 503 1298 absolute,
519 1222 704 1301 poenitentia
717 1241 793 1284 vero
808 1223 975 1285 intrinsece
985 1223 1042 1284 sed
1053 1225 1151 1302 hypo-
1207 1211 1208 1214 ¹

220 1315 335 1376 thetica
349 1318 527 1377 necessaria
540 1324 614 1378 sunt
627 1323 662 1379 ut
676 1318 745 1397 quis
760 1320 856 1379 finem
875 1320 1023 1399 consequi
1043 1320 1148 1397 possit.

261 1416 372 1476 Cetera
385 1419 592 1494 sacramenta,
609 1418 725 1496 qnippe
741 1435 810 1496 quae
833 1417 1017 1479 ordinentur
1036 1436 1099 1479 non
1113 1419 1150 1479 ad

221 1506 357 1592 primam
371 1512 516 1591 gratiam,
534 1531 597 1574 non
613 1514 654 1574 ad
668 1514 921 1590 restaurandum,
936 1513 987 1574 sed
1002 1514 1151 1594 perideo·

221 1608 290 1668 dom
305 1608 458 1683 ordinem,
472 1608 589 1668 nnllam
605 1609 644 1669 de
659 1627 692 1668 se
707 1608 816 1669 dicunt
829 1609 1033 1669 intrinsecam
1046 1627 1151 1669 neces·

221 1704 345 1765 sitalem
366 1721 422 1781 pro
444 1704 514 1763 finis
538 1704 745 1765 assecutione.
771 1705 833 1766 Sed
857 1723 929 1765 cum
952 1704 1094 1786 Christus
1115 1723 1151 1765 ea

221 1814 283 1856 non
304 1796 504 1874 proposuerit
524 1800 677 1873 tanquam
696 1814 747 1856 res
768 1798 1068 1877 supererogatorias,
1092 1816 1152 1857 non

220 1898 372 1971 tanquam
387 1892 426 1951 de
441 1890 580 1965 consilio,
593 1890 650 1950 sed
665 1890 799 1952 voluerit
812 1911 832 1953 a
846 1892 1030 1953 Christianis
1044 1893 1149 1970 recipi,

221 2004 259 2047 ex
281 1985 340 2045 hac
358 1984 493 2064 positiva
510 1983 670 2044 voluntate
684 1984 810 2059 Christi,
823 1985 1151 2064 quamdamextrinse-

221 2101 290 2145 cam
307 2083 497 2144 contrahunt
517 2082 738 2142 necessitatem
758 2081 799 2139 ad
819 2081 890 2141 finis
911 2080 1149 2155 assecutionem,

220 2178 253 2237 in
268 2183 420 2256 quantum
429 2195 540 2255 nempe
552 2178 646 2239 bomo
656 2177 690 2237 in
699 2176 791 2254 culpa
801 2175 895 2236 fuerit
905 2175 958 2256 qui
969 2176 1081 2236 eadem
1091 2193 1151 2235 non

222 2270 1148 2350 reciperet‚cumdivinummandatumtransgressusfuerit.

263 2368 467 2428 Sacramenta
488 2366 595 2443 igitur,
624 2368 824 2429 considerata
847 2368 952 2446 quoad
975 2368 1151 2428 universam

223 2461 414 2538 Ecclesiam,
450 2462 567 2522 habent
594 2463 736 2523 ordinem
764 2462 958 2525 necessitatis
985 2463 1019 2523 in
1045 2463 1148 2522 finem.

224 2557 332 2628 Quoad
348 2556 497 2636 singulos,
515 2557 577 2618 dno
592 2562 666 2620 sunt
679 2577 749 2637 qua
765 2561 892 2620 servant
909 2557 1052 2618 ordinem
1066 2572 1150 2633 pura
1204 2634 1205 2639 ἵ

223 2652 444 2732 contingentia
460 2671 532 2714 cum
548 2654 619 2714 linis
637 2655 849 2728 assecutione3
871 2654 954 2715 unde
973 2652 1151 2714 omnimoda
1204 2646 1205 2657 ’

223 2751 372 2830 competit
385 2750 514 2812 libertas
528 2751 657 2814 cuilibet
671 2752 847 2814 Christiano
857 2755 893 2812 ut
902 2769 940 2812 ea
949 2750 1081 2829 recipiat
1094 2764 1150 2807 nec

222 2866 280 2923 ne;
306 2849 369 2910 imo
394 2847 591 2926 repelluntur
618 2848 649 2907 hi
679 2848 732 2927 qni
760 2865 823 2908 non
846 2846 954 2908 idonei
974 2849 1057 2906 sunt.
1084 2842 1151 2904 Alia

222 2945 340 3008 babent
354 2945 498 3006 ordinem
512 2943 707 3005 necessitatis
720 2944 754 3003 in
767 2943 873 3020 finem,
891 2943 946 3003 sed
966 2942 1029 3003 duo
1048 2942 1086 3001 de
1100 2956 1150 2997 ne·
1203 2996 1204 2999 ,

223 3042 366 3100 cessitate
379 3041 485 3115 medii,
497 3041 542 3100 ita
558 3042 591 3100 ut
605 3039 804 3118 inculpabilis
819 3040 932 3099 borum
944 3038 1150 3099 sacramento-

222 3154 291 3195 rum
314 3136 454 3196 carentia
476 3135 628 3213 impediat
649 3136 816 3214 quominus
838 3135 942 3212 homo,
964 3135 1005 3196 ob
1026 3132 1149 3213 peccata

223 3248 293 3310 quae
308 3233 537 3309 supponuntur,
548 3232 644 3291 finem
655 3234 875 3310 consequatur.
887 3232 997 3292 Cetera
1011 3230 1072 3291 tria
1082 3225 1149 3286 sunt
1202 3234 1203 3247 ¹

223 3328 262 3387 de
277 3328 462 3389 necessitate
477 3330 627 3409 praecepti
642 3332 774 3404 tantum,
791 3329 870 3389 adeo
887 3332 921 3390 ut
938 3328 1010 3389 finis
1028 3339 1148 3387 assecu-

223 3423 341 3484 tionem
358 3424 532 3502 impediant
550 3429 706 3504 quatenns
724 3426 819 3487 homo
838 3425 1036 3503 culpabiliter
1053 3422 1092 3483 ab
1107 3415 1146 3475 eis
1201 3498 1202 3503 ἵ

227 3519 422 3581 abstinuerit.
1201 3514 1202 3527 ¹
