2442 4125
183 263 221 321 92
392 270 620 318 rusmroriouus
641 272 722 319 sarrs
745 271 900 317 uiuorum.

222 424 255 481 3⁰
276 418 354 481 Aliae
374 424 501 490 cloteno,
523 416 688 493 sciendum,
713 420 744 479 et
763 415 835 497 fidei
853 416 1048 479 firmitatem.
1074 420 1130 477 Ex

184 519 285 597 primo
306 516 408 596 eapite
430 521 504 576 sunt
525 508 716 595 irregulares
737 533 847 577 omnes
868 516 889 575 ii
911 514 964 595 qni
988 517 1128 577 aetatem

185 632 248 676 non
269 613 398 688 habent,
415 631 453 673 ex
466 610 528 671 alio
543 612 596 691 qui
611 611 775 673 scientiam
789 632 809 673 a
823 612 920 673 sacris
940 612 1127 673 canonibus

184 726 241 787 pro
266 708 396 788 singulis
419 706 582 769 ordinibus
605 707 805 787 requisitam,
825 707 875 769 vel
896 708 1024 769 delectu
1045 707 1128 768 fidei
1217 728 1218 733 ¹

182 810 281 870 firmae
306 826 376 887 quae
401 806 525 867 videtur
547 805 657 866 deesse
681 824 719 867 ex
741 806 872 885 antiqua
895 804 1066 884 disciplina
1092 804 1127 863 in

184 904 304 966 clericis
326 904 380 982 qui
399 903 591 983 baptismum
612 902 643 962 in
664 908 788 982 tempus
809 901 999 963 infirmitatis
1023 902 1127 963 distu-

184 1000 302 1074 lissent,
320 1001 352 1059 et
369 998 402 1058 in
421 998 568 1075 praesenti
588 996 684 1059 etiam
705 997 736 1056 in
758 996 936 1075 neophytis.
953 998 1026 1057 Nou
1049 1014 1126 1057 neo·
1180 1026 1186 1035 ·

184 1094 284 1173 phyti,
300 1092 406 1154 aiebat
426 1094 553 1169 Paulus,
569 1110 609 1153 ne
631 1093 664 1153 in
684 1093 865 1171 superbiam
887 1092 960 1153 elati
983 1093 1018 1152 in
1035 1092 1126 1173 judi-

185 1190 268 1250 cium
282 1189 422 1251 incidant
435 1190 564 1251 diaboli.

224 1290 256 1345 4⁰
270 1285 347 1346 Aliae
369 1286 529 1346 libertatem
551 1288 582 1347 et
601 1284 724 1364 fumum.
746 1285 830 1345 Inter
850 1282 928 1343 alias
949 1283 1124 1363 qualitates

184 1380 320 1442 morales
335 1397 413 1459 quas
428 1380 640 1443 ecclesiastica
654 1378 818 1458 disciplina
832 1378 864 1439 in
879 1379 1001 1440 clericis
1017 1378 1123 1458 req-ui·

184 1476 226 1538 rit
239 1476 279 1537 ad
294 1475 441 1537 decorem
464 1494 627 1537 sacrarum
648 1476 845 1537 functionum
863 1474 1053 1535 exercitium
1067 1474 1123 1535 de-

185 1590 354 1653 coremque
368 1572 465 1650 ipsius
479 1575 578 1634 status
593 1571 747 1633 clericalis
761 1577 969 1633 numerantur
989 1571 1120 1633 libertas

185 1669 217 1727 et
234 1666 356 1744 integra
374 1667 473 1738 fama;
495 1666 628 1743 proinde
648 1667 702 1745 qui
716 1666 754 1725 iis
770 1666 865 1727 etiam
885 1665 1122 1744 inculpabiliter

185 1762 294 1817 carent
307 1757 347 1817 ab
363 1756 526 1817 ordinibus
546 1757 612 1819 sive
630 1756 837 1838 suscipiendis
852 1758 917 1820 sive
933 1759 1120 1821 exercendis

185 1857 281 1916 arcet.

224 1950 366 2013 Libertas
381 1949 420 2011 de
434 1967 498 2030 qua
515 1948 567 2012 hic
580 1950 739 2035 loquimur
760 1968 823 2012 non
845 1954 893 2021 est
909 1952 1048 2031 physica
1067 1962 1119 2015 vo-

184 2047 333 2114 lendieut
343 2048 470 2111 nolendi
481 2046 612 2110 facultas
626 2047 878 2127 independenter
888 2067 908 2110 a
918 2067 1119 2130 quacumque

186 2147 381 2222 necessitate,
398 2164 468 2226 quae
484 2144 510 2206 si
520 2144 654 2220 deesset,
667 2143 844 2205 naturalem
854 2151 885 2205 et
895 2145 1066 2225 physicum
1079 2146 1120 2206 ad

185 2260 291 2302 sacros
311 2242 437 2301 ordines
459 2239 719 2319 impedimentum
742 2243 896 2318 causaret,
913 2245 1009 2319 prout
1027 2241 1061 2302 in
1074 2230 1119 2302 in'-

185 2337 334 2410 lantibus,
351 2336 566 2397 amentibus...
585 2337 638 2417 qni
660 2336 790 2399 rationis
811 2355 874 2398 non
894 2337 1115 2400 destituuntur.

186 2432 249 2495 Sed
263 2431 391 2492 libertas
410 2432 478 2492 haec
493 2436 540 2494 est
553 2433 735 2496 immunitas
750 2452 769 2494 a
782 2433 969 2512 specialibus
989 2435 1120 2514 quibus·
1217 2427 1218 2464 ³

61 2596 66 2605 1
186 2528 260 2588 dam
275 2526 517 2607 obligationibus
531 2529 710 2608 socialibus,
723 2548 793 2610 quae
809 2530 957 2592 clericum
971 2530 1118 2610 prohibe·

184 2627 256 2686 rent
269 2625 435 2704 quominus
449 2625 583 2687 liberum
597 2644 635 2686 ao
651 2627 798 2688 decorem
818 2626 1016 2689 lunationum
1031 2627 1118 2688 cleri·
1217 2641 1218 2712 ς

185 2721 299 2783 salium
314 2721 496 2783 exercitium
511 2721 665 2783 sustinere
680 2725 795 2800 posset.
852 2732 856 2738 '

224 2818 307 2880 Talis
320 2818 449 2880 libertas
464 2817 554 2878 deest
567 2817 668 2895 amois,
680 2818 741 2879 illis
755 2817 873 2880 scilieet
888 2818 941 2898 qui
952 2818 1025 2899 jure
1041 2837 1116 2900 gen·
1217 2807 1218 2818 ¹

183 2916 262 2976 tium
280 2914 417 2978 subeunt
436 2906 630 2975 servitutem.
652 2915 789 2976 Serviles
807 2916 892 2974 euim
911 2916 1116 2996 obligationes

184 3027 256 3070 enm
279 3011 378 3073 libero
401 3015 434 3075 et
456 3011 572 3072 decoro
597 3011 744 3073 exercitio
773 3013 919 3091 componi
942 3017 1112 3092 nequeunt.

184 3106 319 3167 Proinde
334 3110 388 3167 aut
406 3110 523 3169 statum
545 3105 704 3168 servitutis
726 3125 848 3168 cessare
869 3107 1047 3188 oportebat,
1063 3110 1115 3170 aut

115 3207 119 3211 '
183 3202 235 3261 illo
251 3205 398 3264 manente
412 3221 539 3267 servum
554 3205 594 3266 ab
609 3204 772 3266 ordinibus
791 3204 979 3285 illorumque
1001 3205 1114 3267 muniis

184 3297 338 3358 obeundis
360 3298 516 3378 impediri.
533 3301 629 3382 Atqui
650 3301 790 3362 Ecclesia
810 3289 869 3363 nec
889 3302 1041 3380 prudens,
1058 3319 1113 3362 neo

104 3441 110 3452 .
180 3391 301 3471 justum
315 3411 383 3455 esse
397 3397 520 3473 putavit
533 3397 632 3457 servis
648 3413 758 3458 ausam
778 3397 920 3474 praebere
935 3402 970 3456 ut
983 3413 1005 3456 a
1018 3395 1112 3456 domi-

184 3503 297 3546 norum
318 3489 499 3551 obedientia
513 3509 546 3551 se
561 3492 794 3570 subtraherent,
812 3495 843 3554 et
856 3493 901 3556 ita
915 3492 1111 3555 dominorum
1217 3537 1218 3544 κ
