<?xml version="1.0" encoding="UTF-8"?>
<!DOCTYPE html PUBLIC "-//W3C//DTD XHTML 1.0 Transitional//EN"
    "http://www.w3.org/TR/xhtml1/DTD/xhtml1-transitional.dtd">
<html xmlns="http://www.w3.org/1999/xhtml" xml:lang="en" lang="en">
 <head>
  <title>
</title>
<meta http-equiv="Content-Type" content="text/html;charset=utf-8" />
  <meta name='ocr-system' content='tesseract 3.04.00' />
  <meta name='ocr-capabilities' content='ocr_page ocr_carea ocr_par ocr_line ocrx_word'/>
</head>
<body>
  <div class='ocr_page' id='page_1' title='image "./institutionesju04marigoog_0036.png"; bbox 0 0 2442 4125; ppageno 0'>
   <div class='ocr_carea' id='block_1_1' title="bbox 219 316 942 393">
    <p class='ocr_par' dir='ltr' id='par_1_1' title="bbox 219 316 942 393">
     <span class='ocr_line' id='line_1_1' title="bbox 219 316 942 393; baseline -0.001 -2"><span class='ocrx_word' id='word_1_1' title='bbox 219 332 258 391; x_wconf 71' lang='lat' dir='ltr'><strong>tt</strong></span> <span class='ocrx_word' id='word_1_2' title='bbox 431 344 661 393; x_wconf 80' lang='lat' dir='ltr'><strong>rnsrrrumouns</strong></span> <span class='ocrx_word' id='word_1_3' title='bbox 680 316 763 391; x_wconf 71' lang='lat' dir='ltr'><strong>ionis</strong></span> <span class='ocrx_word' id='word_1_4' title='bbox 786 344 942 391; x_wconf 71' lang='lat' dir='ltr'><strong>cruorum.</strong></span> 
     </span>
    </p>
   </div>
   <div class='ocr_carea' id='block_1_2' title="bbox 99 485 1221 2474">
    <p class='ocr_par' dir='ltr' id='par_1_2' title="bbox 99 485 1221 1424">
     <span class='ocr_line' id='line_1_2' title="bbox 99 485 1220 567; baseline -0.004 -15"><span class='ocrx_word' id='word_1_5' title='bbox 99 506 103 515; x_wconf 87' lang='lat'>·</span> <span class='ocrx_word' id='word_1_6' title='bbox 220 486 351 553; x_wconf 92' lang='lat' dir='ltr'><strong>tendum</strong></span> <span class='ocrx_word' id='word_1_7' title='bbox 364 486 390 545; x_wconf 92' lang='lat' dir='ltr'><strong>si</strong></span> <span class='ocrx_word' id='word_1_8' title='bbox 405 486 532 548; x_wconf 83' lang='lat' dir='ltr'><strong>salutari</strong></span> <span class='ocrx_word' id='word_1_9' title='bbox 547 505 631 567; x_wconf 84' lang='lat' dir='ltr'><strong>aqua</strong></span> <span class='ocrx_word' id='word_1_10' title='bbox 644 492 740 566; x_wconf 84' lang='lat' dir='ltr'><strong>caput</strong></span> <span class='ocrx_word' id='word_1_11' title='bbox 753 487 881 549; x_wconf 81' lang='lat' dir='ltr'><strong>infantis</strong></span> <span class='ocrx_word' id='word_1_12' title='bbox 894 486 1026 562; x_wconf 78' lang='lat' dir='ltr'><strong>tinctum</strong></span> <span class='ocrx_word' id='word_1_13' title='bbox 1046 485 1162 565; x_wconf 82' lang='lat' dir='ltr'><strong>inerit,</strong></span> <span class='ocrx_word' id='word_1_14' title='bbox 1219 497 1220 528; x_wconf 48' lang='grc' dir='ltr'>ἐ</span> 
     </span>
     <span class='ocr_line' id='line_1_3' title="bbox 222 574 1220 670; baseline -0.001 -25"><span class='ocrx_word' id='word_1_15' title='bbox 222 583 280 645; x_wconf 91' lang='lat' dir='ltr'><strong>suh</strong></span> <span class='ocrx_word' id='word_1_16' title='bbox 299 582 476 645; x_wconf 87' lang='lat' dir='ltr'><strong>conditione</strong></span> <span class='ocrx_word' id='word_1_17' title='bbox 495 588 601 646; x_wconf 86' lang='lat' dir='ltr'><strong>tamen</strong></span> <span class='ocrx_word' id='word_1_18' title='bbox 620 574 880 663; x_wconf 77' lang='lat' dir='ltr'><strong>rebaptizandum</strong></span> <span class='ocrx_word' id='word_1_19' title='bbox 902 600 999 662; x_wconf 92' lang='lat' dir='ltr'><strong>quum</strong></span> <span class='ocrx_word' id='word_1_20' title='bbox 1020 600 1086 643; x_wconf 89' lang='lat' dir='ltr'><strong>non</strong></span> <span class='ocrx_word' id='word_1_21' title='bbox 1110 602 1164 644; x_wconf 87' lang='lat' dir='ltr'><strong>ca-</strong></span> <span class='ocrx_word' id='word_1_22' title='bbox 1219 615 1220 670; x_wconf 32' lang='grc' dir='ltr'><strong>ἓ</strong></span> 
     </span>
     <span class='ocr_line' id='line_1_4' title="bbox 222 669 1220 759; baseline 0 -20"><span class='ocrx_word' id='word_1_23' title='bbox 222 682 289 759; x_wconf 87' lang='lat' dir='ltr'><strong>put,</strong></span> <span class='ocrx_word' id='word_1_24' title='bbox 302 678 358 739; x_wconf 90' lang='lat' dir='ltr'><strong>sed</strong></span> <span class='ocrx_word' id='word_1_25' title='bbox 372 679 524 758; x_wconf 84' lang='lat' dir='ltr'><strong>quoslihet</strong></span> <span class='ocrx_word' id='word_1_26' title='bbox 536 680 599 741; x_wconf 80' lang='lat' dir='ltr'><strong>alia</strong></span> <span class='ocrx_word' id='word_1_27' title='bbox 608 679 749 759; x_wconf 85' lang='lat' dir='ltr'><strong>corporis</strong></span> <span class='ocrx_word' id='word_1_28' title='bbox 761 696 835 757; x_wconf 85' lang='lat' dir='ltr'><strong>pars</strong></span> <span class='ocrx_word' id='word_1_29' title='bbox 844 696 929 757; x_wconf 84' lang='lat' dir='ltr'><strong>aqua</strong></span> <span class='ocrx_word' id='word_1_30' title='bbox 941 669 1162 756; x_wconf 82' lang='lat' dir='ltr'><strong>perfunditur.</strong></span> <span class='ocrx_word' id='word_1_31' title='bbox 1219 697 1220 720; x_wconf 47' lang='lat' dir='ltr'><strong>r</strong></span> 
     </span>
     <span class='ocr_line' id='line_1_5' title="bbox 223 776 1164 858; baseline -0.004 -18"><span class='ocrx_word' id='word_1_32' title='bbox 223 778 319 840; x_wconf 81' lang='lat' dir='ltr'>Addit</span> <span class='ocrx_word' id='word_1_33' title='bbox 340 779 371 840; x_wconf 89' lang='lat' dir='ltr'><strong>S.</strong></span> <span class='ocrx_word' id='word_1_34' title='bbox 389 778 447 840; x_wconf 78' lang='lat' dir='ltr'><strong>rh.</strong></span> <span class='ocrx_word' id='word_1_35' title='bbox 470 781 500 838; x_wconf 72' lang='lat'><strong>3⁸</strong></span> <span class='ocrx_word' id='word_1_36' title='bbox 519 782 608 858; x_wconf 85' lang='lat' dir='ltr'><strong>parte</strong></span> <span class='ocrx_word' id='word_1_37' title='bbox 628 797 682 858; x_wconf 90' lang='lat' dir='ltr'><strong>qu.</strong></span> <span class='ocrx_word' id='word_1_38' title='bbox 698 781 748 839; x_wconf 83' lang='lat'><strong>68.</strong></span> <span class='ocrx_word' id='word_1_39' title='bbox 765 780 824 838; x_wconf 82' lang='lat' dir='ltr'><strong>art.</strong></span> <span class='ocrx_word' id='word_1_40' title='bbox 845 779 874 836; x_wconf 78' lang='lat'><strong>2.</strong></span> <span class='ocrx_word' id='word_1_41' title='bbox 897 776 938 836; x_wconf 88' lang='lat' dir='ltr'><strong>ad</strong></span> <span class='ocrx_word' id='word_1_42' title='bbox 956 778 1007 835; x_wconf 58' lang='grc' dir='ltr'><em>Ψ</em></span> <span class='ocrx_word' id='word_1_43' title='bbox 1028 776 1110 855; x_wconf 83' lang='lat' dir='ltr'><strong>quia</strong></span> <span class='ocrx_word' id='word_1_44' title='bbox 1131 777 1164 836; x_wconf 94' lang='lat' dir='ltr'><strong>in</strong></span> 
     </span>
     <span class='ocr_line' id='line_1_6' title="bbox 224 868 1221 952; baseline -0.005 -18"><span class='ocrx_word' id='word_1_45' title='bbox 224 874 311 934; x_wconf 85' lang='lat' dir='ltr'><strong>nulla</strong></span> <span class='ocrx_word' id='word_1_46' title='bbox 325 873 514 934; x_wconf 80' lang='lat' dir='ltr'><strong>exteriorum</strong></span> <span class='ocrx_word' id='word_1_47' title='bbox 528 873 666 952; x_wconf 89' lang='lat' dir='ltr'><strong>partium</strong></span> <span class='ocrx_word' id='word_1_48' title='bbox 683 871 847 951; x_wconf 81' lang='lat' dir='ltr'><strong>integritas</strong></span> <span class='ocrx_word' id='word_1_49' title='bbox 868 871 939 932; x_wconf 82' lang='lat' dir='ltr'><strong>vitae</strong></span> <span class='ocrx_word' id='word_1_50' title='bbox 958 870 1106 931; x_wconf 76' lang='lat' dir='ltr'><strong>consistit</strong></span> <span class='ocrx_word' id='word_1_51' title='bbox 1124 870 1165 930; x_wconf 91' lang='lat' dir='ltr'><strong>si·</strong></span> <span class='ocrx_word' id='word_1_52' title='bbox 1220 868 1221 895; x_wconf 66' lang='lat'><em>³</em></span> 
     </span>
     <span class='ocr_line' id='line_1_7' title="bbox 225 965 1164 1046; baseline -0.003 -17"><span class='ocrx_word' id='word_1_53' title='bbox 225 972 278 1029; x_wconf 92' lang='lat' dir='ltr'><strong>out</strong></span> <span class='ocrx_word' id='word_1_54' title='bbox 291 968 323 1027; x_wconf 92' lang='lat' dir='ltr'><strong>in</strong></span> <span class='ocrx_word' id='word_1_55' title='bbox 337 967 449 1046; x_wconf 86' lang='lat' dir='ltr'><strong>capite.</strong></span> <span class='ocrx_word' id='word_1_56' title='bbox 467 968 573 1030; x_wconf 83' lang='lat' dir='ltr'><strong>Manet</strong></span> <span class='ocrx_word' id='word_1_57' title='bbox 587 971 693 1029; x_wconf 86' lang='lat' dir='ltr'><strong>temen</strong></span> <span class='ocrx_word' id='word_1_58' title='bbox 708 967 790 1027; x_wconf 91' lang='lat' dir='ltr'><strong>inter</strong></span> <span class='ocrx_word' id='word_1_59' title='bbox 803 966 980 1044; x_wconf 80' lang='lat' dir='ltr'><strong>Theologos</strong></span> <span class='ocrx_word' id='word_1_60' title='bbox 997 965 1164 1044; x_wconf 84' lang='lat' dir='ltr'>opinabile</span> 
     </span>
     <span class='ocr_line' id='line_1_8' title="bbox 225 1060 1221 1141; baseline 0 -19"><span class='ocrx_word' id='word_1_61' title='bbox 225 1082 263 1122; x_wconf 82' lang='lat' dir='ltr'><strong>oo</strong></span> <span class='ocrx_word' id='word_1_62' title='bbox 277 1069 365 1141; x_wconf 82' lang='lat' dir='ltr'><strong>capot</strong></span> <span class='ocrx_word' id='word_1_63' title='bbox 378 1062 429 1121; x_wconf 91' lang='lat' dir='ltr'><strong>hio</strong></span> <span class='ocrx_word' id='word_1_64' title='bbox 443 1067 586 1124; x_wconf 90' lang='lat' dir='ltr'><strong>sumatur</strong></span> <span class='ocrx_word' id='word_1_65' title='bbox 595 1062 765 1140; x_wconf 70' lang='lat' dir='ltr'><strong>restrictior,</strong></span> <span class='ocrx_word' id='word_1_66' title='bbox 776 1061 826 1122; x_wconf 90' lang='lat' dir='ltr'><strong>vel</strong></span> <span class='ocrx_word' id='word_1_67' title='bbox 840 1060 1089 1121; x_wconf 86' lang='lat' dir='ltr'><strong>demonstrative</strong></span> <span class='ocrx_word' id='word_1_68' title='bbox 1106 1079 1164 1122; x_wconf 91' lang='lat' dir='ltr'><strong>seu</strong></span> <span class='ocrx_word' id='word_1_69' title='bbox 1220 1062 1221 1133; x_wconf 64' lang='lat' dir='ltr'><strong>i</strong></span> 
     </span>
     <span class='ocr_line' id='line_1_9' title="bbox 226 1144 1221 1232; baseline -0.003 -16"><span class='ocrx_word' id='word_1_70' title='bbox 226 1154 360 1232; x_wconf 88' lang='lat' dir='ltr'><strong>exempli</strong></span> <span class='ocrx_word' id='word_1_71' title='bbox 384 1172 479 1215; x_wconf 84' lang='lat' dir='ltr'><strong>causa</strong></span> <span class='ocrx_word' id='word_1_72' title='bbox 506 1155 546 1216; x_wconf 84' lang='lat' dir='ltr'><strong>ad</strong></span> <span class='ocrx_word' id='word_1_73' title='bbox 570 1154 771 1215; x_wconf 86' lang='lat' dir='ltr'><strong>indicendam</strong></span> <span class='ocrx_word' id='word_1_74' title='bbox 795 1157 917 1232; x_wconf 79' lang='lat' dir='ltr'><strong>partem</strong></span> <span class='ocrx_word' id='word_1_75' title='bbox 937 1152 1163 1232; x_wconf 80' lang='lat' dir='ltr'><strong>principalem,</strong></span> <span class='ocrx_word' id='word_1_76' title='bbox 1220 1144 1221 1147; x_wconf 47' lang='lat'>&#39;</span> 
     </span>
     <span class='ocr_line' id='line_1_10' title="bbox 226 1246 1163 1328; baseline -0.002 -18"><span class='ocrx_word' id='word_1_77' title='bbox 226 1248 272 1310; x_wconf 88' lang='lat' dir='ltr'><strong>uti</strong></span> <span class='ocrx_word' id='word_1_78' title='bbox 292 1248 449 1326; x_wconf 85' lang='lat' dir='ltr'>humeros,</span> <span class='ocrx_word' id='word_1_79' title='bbox 469 1250 626 1328; x_wconf 85' lang='lat' dir='ltr'><strong>scapulos,</strong></span> <span class='ocrx_word' id='word_1_80' title='bbox 649 1253 770 1326; x_wconf 86' lang='lat' dir='ltr'><strong>peetus,</strong></span> <span class='ocrx_word' id='word_1_81' title='bbox 793 1247 924 1308; x_wconf 88' lang='lat' dir='ltr'><strong>brachia</strong></span> <span class='ocrx_word' id='word_1_82' title='bbox 944 1247 985 1307; x_wconf 86' lang='lat' dir='ltr'><strong>ad</strong></span> <span class='ocrx_word' id='word_1_83' title='bbox 1007 1246 1163 1309; x_wconf 87' lang='lat' dir='ltr'><strong>exclusio-</strong></span> 
     </span>
     <span class='ocr_line' id='line_1_11' title="bbox 226 1342 1040 1424; baseline -0.005 -17"><span class='ocrx_word' id='word_1_84' title='bbox 226 1361 298 1407; x_wconf 91' lang='lat' dir='ltr'><strong>nem</strong></span> <span class='ocrx_word' id='word_1_85' title='bbox 313 1343 405 1403; x_wconf 91' lang='lat' dir='ltr'><strong>unius</strong></span> <span class='ocrx_word' id='word_1_86' title='bbox 420 1345 469 1404; x_wconf 93' lang='lat' dir='ltr'><strong>vel</strong></span> <span class='ocrx_word' id='word_1_87' title='bbox 484 1345 612 1405; x_wconf 85' lang='lat' dir='ltr'><strong>alterius</strong></span> <span class='ocrx_word' id='word_1_88' title='bbox 626 1344 726 1424; x_wconf 82' lang='lat' dir='ltr'><strong>digiti,</strong></span> <span class='ocrx_word' id='word_1_89' title='bbox 743 1344 793 1404; x_wconf 86' lang='lat' dir='ltr'><strong>vel</strong></span> <span class='ocrx_word' id='word_1_90' title='bbox 806 1360 919 1403; x_wconf 84' lang='lat' dir='ltr'><strong>munus</strong></span> <span class='ocrx_word' id='word_1_91' title='bbox 933 1342 1040 1403; x_wconf 85' lang='lat' dir='ltr'><strong>etiam.</strong></span> 
     </span>
    </p>

    <p class='ocr_par' dir='ltr' id='par_1_3' title="bbox 225 1438 1221 2474">
     <span class='ocr_line' id='line_1_12' title="bbox 266 1438 1164 1516; baseline -0.001 -14"><span class='ocrx_word' id='word_1_92' title='bbox 266 1440 317 1502; x_wconf 87' lang='lat' dir='ltr'><strong>Vl.</strong></span> <span class='ocrx_word' id='word_1_93' title='bbox 335 1440 409 1499; x_wconf 80' lang='lat' dir='ltr'><strong>Haee</strong></span> <span class='ocrx_word' id='word_1_94' title='bbox 422 1439 579 1516; x_wconf 81' lang='lat' dir='ltr'><strong>pertinent</strong></span> <span class='ocrx_word' id='word_1_95' title='bbox 592 1440 634 1502; x_wconf 87' lang='lat' dir='ltr'><strong>ad</strong></span> <span class='ocrx_word' id='word_1_96' title='bbox 650 1438 786 1500; x_wconf 85' lang='lat' dir='ltr'><strong>infantes</strong></span> <span class='ocrx_word' id='word_1_97' title='bbox 807 1456 870 1499; x_wconf 92' lang='lat' dir='ltr'><strong>non</strong></span> <span class='ocrx_word' id='word_1_98' title='bbox 890 1442 981 1500; x_wconf 84' lang='lat' dir='ltr'><strong>natos</strong></span> <span class='ocrx_word' id='word_1_99' title='bbox 1004 1457 1011 1497; x_wconf 93' lang='lat'>:</span> <span class='ocrx_word' id='word_1_100' title='bbox 1036 1457 1078 1499; x_wconf 87' lang='lat' dir='ltr'><strong>an</strong></span> <span class='ocrx_word' id='word_1_101' title='bbox 1102 1440 1164 1501; x_wconf 89' lang='lat' dir='ltr'><strong>sint</strong></span> 
     </span>
     <span class='ocr_line' id='line_1_13' title="bbox 225 1534 1164 1616; baseline -0.001 -19"><span class='ocrx_word' id='word_1_102' title='bbox 225 1534 368 1615; x_wconf 84' lang='lat' dir='ltr'><strong>subjecte</strong></span> <span class='ocrx_word' id='word_1_103' title='bbox 382 1534 495 1596; x_wconf 85' lang='lat' dir='ltr'><strong>idonea</strong></span> <span class='ocrx_word' id='word_1_104' title='bbox 509 1535 707 1616; x_wconf 85' lang='lat' dir='ltr'><strong>baptismatis</strong></span> <span class='ocrx_word' id='word_1_105' title='bbox 720 1535 903 1613; x_wconf 89' lang='lat' dir='ltr'><strong>recipiendi.</strong></span> <span class='ocrx_word' id='word_1_106' title='bbox 920 1538 961 1595; x_wconf 85' lang='lat' dir='ltr'><strong>At</strong></span> <span class='ocrx_word' id='word_1_107' title='bbox 979 1535 1088 1614; x_wconf 84' lang='lat' dir='ltr'><strong>quoad</strong></span> <span class='ocrx_word' id='word_1_108' title='bbox 1107 1554 1164 1596; x_wconf 84' lang='lat' dir='ltr'><strong>na·</strong></span> 
     </span>
     <span class='ocr_line' id='line_1_14' title="bbox 225 1630 1164 1710; baseline 0 -18"><span class='ocrx_word' id='word_1_109' title='bbox 225 1633 274 1692; x_wconf 88' lang='lat' dir='ltr'><strong>tos</strong></span> <span class='ocrx_word' id='word_1_110' title='bbox 289 1630 383 1691; x_wconf 81' lang='lat' dir='ltr'><strong>etiam</strong></span> <span class='ocrx_word' id='word_1_111' title='bbox 397 1648 512 1708; x_wconf 89' lang='lat' dir='ltr'><strong>pueros</strong></span> <span class='ocrx_word' id='word_1_112' title='bbox 523 1631 660 1691; x_wconf 84' lang='lat' dir='ltr'><strong>maxima</strong></span> <span class='ocrx_word' id='word_1_113' title='bbox 672 1631 803 1710; x_wconf 83' lang='lat' dir='ltr'><strong>quaestio</strong></span> <span class='ocrx_word' id='word_1_114' title='bbox 813 1631 933 1709; x_wconf 79' lang='lat' dir='ltr'><strong>agitata</strong></span> <span class='ocrx_word' id='word_1_115' title='bbox 942 1635 990 1691; x_wconf 88' lang='lat' dir='ltr'><strong>est</strong></span> <span class='ocrx_word' id='word_1_116' title='bbox 999 1646 1040 1691; x_wconf 85' lang='lat' dir='ltr'><strong>an</strong></span> <span class='ocrx_word' id='word_1_117' title='bbox 1051 1648 1164 1692; x_wconf 90' lang='lat' dir='ltr'><strong>omnes</strong></span> 
     </span>
     <span class='ocr_line' id='line_1_15' title="bbox 225 1724 1164 1805; baseline 0 -18"><span class='ocrx_word' id='word_1_118' title='bbox 225 1724 334 1787; x_wconf 89' lang='lat' dir='ltr'><strong>liceret</strong></span> <span class='ocrx_word' id='word_1_119' title='bbox 352 1725 393 1784; x_wconf 86' lang='lat' dir='ltr'><strong>sd</strong></span> <span class='ocrx_word' id='word_1_120' title='bbox 412 1725 603 1802; x_wconf 87' lang='lat' dir='ltr'><strong>baptismum</strong></span> <span class='ocrx_word' id='word_1_121' title='bbox 622 1726 799 1788; x_wconf 79' lang='lat' dir='ltr'><strong>admittere.</strong></span> <span class='ocrx_word' id='word_1_122' title='bbox 817 1725 987 1798; x_wconf 80' lang='lat' dir='ltr'><strong>Quaestioni</strong></span> <span class='ocrx_word' id='word_1_123' title='bbox 1005 1726 1164 1805; x_wconf 81' lang='lat' dir='ltr'><strong>originem</strong></span> 
     </span>
     <span class='ocr_line' id='line_1_16' title="bbox 227 1816 1163 1901; baseline 0.003 -21"><span class='ocrx_word' id='word_1_124' title='bbox 227 1816 314 1880; x_wconf 86' lang='lat' dir='ltr'><strong>dedit</strong></span> <span class='ocrx_word' id='word_1_125' title='bbox 324 1818 409 1880; x_wconf 87' lang='lat' dir='ltr'><strong>zelus</strong></span> <span class='ocrx_word' id='word_1_126' title='bbox 424 1820 644 1881; x_wconf 89' lang='lat' dir='ltr'><strong>nonnullorum</strong></span> <span class='ocrx_word' id='word_1_127' title='bbox 659 1822 711 1901; x_wconf 87' lang='lat' dir='ltr'><strong>qui</strong></span> <span class='ocrx_word' id='word_1_128' title='bbox 726 1822 901 1882; x_wconf 85' lang='lat' dir='ltr'><strong>infidelium·</strong></span> <span class='ocrx_word' id='word_1_129' title='bbox 911 1820 1004 1899; x_wconf 89' lang='lat' dir='ltr'><strong>filios,</strong></span> <span class='ocrx_word' id='word_1_130' title='bbox 1019 1824 1163 1883; x_wconf 90' lang='lat' dir='ltr'><strong>nescien-</strong></span> 
     </span>
     <span class='ocr_line' id='line_1_17' title="bbox 227 1914 1163 1998; baseline 0.001 -18"><span class='ocrx_word' id='word_1_131' title='bbox 227 1915 311 1980; x_wconf 84' lang='lat' dir='ltr'><strong>tibus</strong></span> <span class='ocrx_word' id='word_1_132' title='bbox 326 1920 357 1977; x_wconf 90' lang='lat' dir='ltr'><strong>et</strong></span> <span class='ocrx_word' id='word_1_133' title='bbox 371 1914 539 1995; x_wconf 82' lang='lat' dir='ltr'><strong>aliquando</strong></span> <span class='ocrx_word' id='word_1_134' title='bbox 554 1918 841 1980; x_wconf 76' lang='lat' dir='ltr'><strong>contradicentibus</strong></span> <span class='ocrx_word' id='word_1_135' title='bbox 858 1917 1054 1997; x_wconf 84' lang='lat' dir='ltr'><strong>perentibus,</strong></span> <span class='ocrx_word' id='word_1_136' title='bbox 1071 1924 1163 1998; x_wconf 81' lang='lat' dir='ltr'><strong>opte-</strong></span> 
     </span>
     <span class='ocr_line' id='line_1_18' title="bbox 227 2011 1221 2094; baseline 0 -19"><span class='ocrx_word' id='word_1_137' title='bbox 227 2016 302 2076; x_wconf 88' lang='lat' dir='ltr'><strong>runt</strong></span> <span class='ocrx_word' id='word_1_138' title='bbox 323 2011 495 2092; x_wconf 84' lang='lat' dir='ltr'><strong>baptizare,</strong></span> <span class='ocrx_word' id='word_1_139' title='bbox 519 2020 551 2076; x_wconf 90' lang='lat' dir='ltr'><strong>et</strong></span> <span class='ocrx_word' id='word_1_140' title='bbox 571 2013 741 2094; x_wconf 79' lang='lat' dir='ltr'><strong>aliquando</strong></span> <span class='ocrx_word' id='word_1_141' title='bbox 763 2016 890 2094; x_wconf 87' lang='lat' dir='ltr'><strong>proprio</strong></span> <span class='ocrx_word' id='word_1_142' title='bbox 913 2012 1036 2094; x_wconf 89' lang='lat' dir='ltr'><strong>spiritui</strong></span> <span class='ocrx_word' id='word_1_143' title='bbox 1057 2014 1162 2075; x_wconf 89' lang='lat' dir='ltr'><strong>indul-</strong></span> <span class='ocrx_word' id='word_1_144' title='bbox 1196 2046 1221 2051; x_wconf 41' lang='lat'><strong>·1</strong></span> 
     </span>
     <span class='ocr_line' id='line_1_19' title="bbox 227 2109 1161 2192; baseline -0.002 -20"><span class='ocrx_word' id='word_1_145' title='bbox 227 2117 337 2192; x_wconf 78' lang='lat' dir='ltr'><strong>gentes</strong></span> <span class='ocrx_word' id='word_1_146' title='bbox 351 2109 561 2188; x_wconf 80' lang='lat' dir='ltr'><strong>baptizarunt.</strong></span> <span class='ocrx_word' id='word_1_147' title='bbox 578 2111 674 2170; x_wconf 87' lang='lat' dir='ltr'><strong>Plura</strong></span> <span class='ocrx_word' id='word_1_148' title='bbox 692 2110 731 2169; x_wconf 90' lang='lat' dir='ltr'><strong>de</strong></span> <span class='ocrx_word' id='word_1_149' title='bbox 750 2109 810 2169; x_wconf 87' lang='lat' dir='ltr'><strong>hac</strong></span> <span class='ocrx_word' id='word_1_150' title='bbox 828 2109 1000 2190; x_wconf 72' lang='lat' dir='ltr'><strong>quaestione</strong></span> <span class='ocrx_word' id='word_1_151' title='bbox 1013 2109 1161 2170; x_wconf 84' lang='lat' dir='ltr'><strong>tractavit</strong></span> 
     </span>
     <span class='ocr_line' id='line_1_20' title="bbox 229 2204 1159 2284; baseline -0.002 -18"><span class='ocrx_word' id='word_1_152' title='bbox 229 2211 260 2267; x_wconf 88' lang='lat' dir='ltr'><strong>et</strong></span> <span class='ocrx_word' id='word_1_153' title='bbox 280 2206 428 2268; x_wconf 85' lang='lat' dir='ltr'><strong>enodavit</strong></span> <span class='ocrx_word' id='word_1_154' title='bbox 445 2207 635 2268; x_wconf 88' lang='lat' dir='ltr'><strong>Benedictus</strong></span> <span class='ocrx_word' id='word_1_155' title='bbox 653 2208 722 2270; x_wconf 88' lang='lat' dir='ltr'><strong>XIV</strong></span> <span class='ocrx_word' id='word_1_156' title='bbox 737 2206 796 2266; x_wconf 88' lang='lat' dir='ltr'><strong>suh</strong></span> <span class='ocrx_word' id='word_1_157' title='bbox 810 2204 1084 2267; x_wconf 84' lang='lat' dir='ltr'><strong>constitutionibus</strong></span> <span class='ocrx_word' id='word_1_158' title='bbox 1100 2223 1159 2284; x_wconf 89' lang='lat' dir='ltr'><strong>que</strong></span> 
     </span>
     <span class='ocr_line' id='line_1_21' title="bbox 229 2302 1158 2379; baseline 0.002 -19"><span class='ocrx_word' id='word_1_159' title='bbox 229 2305 362 2377; x_wconf 83' lang='lat' dir='ltr'><strong>exstent,</strong></span> <span class='ocrx_word' id='word_1_160' title='bbox 379 2302 478 2362; x_wconf 82' lang='lat' dir='ltr'><strong>altera</strong></span> <span class='ocrx_word' id='word_1_161' title='bbox 495 2311 529 2363; x_wconf 85' lang='lat' dir='ltr'><strong>n⁰</strong></span> <span class='ocrx_word' id='word_1_162' title='bbox 552 2307 601 2364; x_wconf 74' lang='lat'><strong>54.</strong></span> <span class='ocrx_word' id='word_1_163' title='bbox 625 2308 701 2365; x_wconf 88' lang='lat' dir='ltr'><strong>tom.</strong></span> <span class='ocrx_word' id='word_1_164' title='bbox 724 2306 755 2379; x_wconf 85' lang='lat'><strong>3,</strong></span> <span class='ocrx_word' id='word_1_165' title='bbox 779 2303 879 2364; x_wconf 85' lang='lat' dir='ltr'><strong>altera</strong></span> <span class='ocrx_word' id='word_1_166' title='bbox 898 2310 933 2362; x_wconf 86' lang='lat' dir='ltr'><strong>n⁰</strong></span> <span class='ocrx_word' id='word_1_167' title='bbox 953 2305 1003 2364; x_wconf 83' lang='lat'><strong>58.</strong></span> <span class='ocrx_word' id='word_1_168' title='bbox 1027 2306 1105 2363; x_wconf 91' lang='lat' dir='ltr'><strong>tom.</strong></span> <span class='ocrx_word' id='word_1_169' title='bbox 1128 2305 1158 2362; x_wconf 77' lang='lat'><strong>2.</strong></span> 
     </span>
     <span class='ocr_line' id='line_1_22' title="bbox 228 2395 523 2474; baseline 0.02 -20"><span class='ocrx_word' id='word_1_170' title='bbox 228 2395 355 2456; x_wconf 85' lang='lat' dir='ltr'><strong>Bullarii</strong></span> <span class='ocrx_word' id='word_1_171' title='bbox 372 2395 523 2474; x_wconf 85' lang='lat' dir='ltr'><strong>ejusdem.</strong></span> 
     </span>
    </p>
   </div>
   <div class='ocr_carea' id='block_1_3' title="bbox 270 2491 1160 2575">
    <p class='ocr_par' dir='ltr' id='par_1_4' title="bbox 270 2491 1160 2575">
     <span class='ocr_line' id='line_1_23' title="bbox 270 2491 1160 2575; baseline 0.002 -25"><span class='ocrx_word' id='word_1_172' title='bbox 270 2492 372 2562; x_wconf 84' lang='lat' dir='ltr'><strong>Quum</strong></span> <span class='ocrx_word' id='word_1_173' title='bbox 385 2491 487 2552; x_wconf 83' lang='lat' dir='ltr'><strong>infans</strong></span> <span class='ocrx_word' id='word_1_174' title='bbox 501 2511 540 2554; x_wconf 83' lang='lat' dir='ltr'><strong>ex</strong></span> <span class='ocrx_word' id='word_1_175' title='bbox 553 2496 708 2556; x_wconf 85' lang='lat' dir='ltr'><strong>neturein</strong></span> <span class='ocrx_word' id='word_1_176' title='bbox 723 2498 888 2575; x_wconf 80' lang='lat' dir='ltr'><strong>parentum</strong></span> <span class='ocrx_word' id='word_1_177' title='bbox 902 2496 1057 2572; x_wconf 80' lang='lat' dir='ltr'><strong>potestate</strong></span> <span class='ocrx_word' id='word_1_178' title='bbox 1070 2509 1160 2553; x_wconf 90' lang='lat' dir='ltr'><strong>cons-</strong></span> 
     </span>
    </p>
   </div>
   <div class='ocr_carea' id='block_1_4' title="bbox 0 0 3 713">
    <p class='ocr_par' dir='ltr' id='par_1_5' title="bbox 0 0 3 713">
     <span class='ocr_line' id='line_1_24' title="bbox 0 0 3 713; baseline 0 0"><span class='ocrx_word' id='word_1_179' title='bbox 0 0 3 713; x_wconf 95' lang='lat' dir='ltr'><strong> </strong></span> 
     </span>
    </p>
   </div>
   <div class='ocr_carea' id='block_1_5' title="bbox 189 2588 1221 3058">
    <p class='ocr_par' dir='ltr' id='par_1_6' title="bbox 229 2588 1162 2771">
     <span class='ocr_line' id='line_1_25' title="bbox 230 2588 1159 2673; baseline 0.002 -22"><span class='ocrx_word' id='word_1_180' title='bbox 230 2588 372 2665; x_wconf 85' lang='lat' dir='ltr'><strong>tituatur,</strong></span> <span class='ocrx_word' id='word_1_181' title='bbox 389 2589 461 2651; x_wconf 89' lang='lat' dir='ltr'><strong>inde</strong></span> <span class='ocrx_word' id='word_1_182' title='bbox 480 2592 578 2654; x_wconf 93' lang='lat' dir='ltr'><strong>voluit</strong></span> <span class='ocrx_word' id='word_1_183' title='bbox 596 2595 736 2656; x_wconf 82' lang='lat' dir='ltr'><strong>Ecclesia</strong></span> <span class='ocrx_word' id='word_1_184' title='bbox 757 2597 792 2656; x_wconf 92' lang='lat' dir='ltr'><strong>ut</strong></span> <span class='ocrx_word' id='word_1_185' title='bbox 809 2595 849 2655; x_wconf 87' lang='lat' dir='ltr'><strong>nh</strong></span> <span class='ocrx_word' id='word_1_186' title='bbox 868 2594 944 2673; x_wconf 88' lang='lat' dir='ltr'><strong>ipsis</strong></span> <span class='ocrx_word' id='word_1_187' title='bbox 964 2592 1159 2673; x_wconf 87' lang='lat' dir='ltr'><strong>parentibus,</strong></span> 
     </span>
     <span class='ocr_line' id='line_1_26' title="bbox 229 2686 1162 2771; baseline -0.001 -21"><span class='ocrx_word' id='word_1_188' title='bbox 229 2688 280 2750; x_wconf 87' lang='lat' dir='ltr'><strong>vel</strong></span> <span class='ocrx_word' id='word_1_189' title='bbox 303 2686 343 2747; x_wconf 83' lang='lat' dir='ltr'><strong>ab</strong></span> <span class='ocrx_word' id='word_1_190' title='bbox 366 2686 403 2748; x_wconf 92' lang='lat' dir='ltr'><strong>iis</strong></span> <span class='ocrx_word' id='word_1_191' title='bbox 425 2687 460 2748; x_wconf 92' lang='lat' dir='ltr'><strong>in</strong></span> <span class='ocrx_word' id='word_1_192' title='bbox 483 2707 617 2769; x_wconf 84' lang='lat' dir='ltr'><strong>quorum</strong></span> <span class='ocrx_word' id='word_1_193' title='bbox 640 2696 794 2771; x_wconf 76' lang='lat' dir='ltr'><strong>potestate</strong></span> <span class='ocrx_word' id='word_1_194' title='bbox 817 2695 918 2768; x_wconf 86' lang='lat' dir='ltr'><strong>erent,</strong></span> <span class='ocrx_word' id='word_1_195' title='bbox 941 2691 982 2752; x_wconf 89' lang='lat' dir='ltr'><strong>ad</strong></span> <span class='ocrx_word' id='word_1_196' title='bbox 1005 2690 1162 2768; x_wconf 84' lang='lat' dir='ltr'><strong>baptisma</strong></span> 
     </span>
    </p>

    <p class='ocr_par' dir='ltr' id='par_1_7' title="bbox 189 2783 1221 3058">
     <span class='ocr_line' id='line_1_27' title="bbox 189 2783 1163 2866; baseline -0.002 -20"><span class='ocrx_word' id='word_1_197' title='bbox 189 2815 192 2821; x_wconf 75' lang='lat'><em>,</em></span> <span class='ocrx_word' id='word_1_198' title='bbox 230 2783 405 2846; x_wconf 77' lang='lat' dir='ltr'><strong>offerretur.</strong></span> <span class='ocrx_word' id='word_1_199' title='bbox 422 2783 504 2844; x_wconf 88' lang='lat' dir='ltr'><strong>Nihil</strong></span> <span class='ocrx_word' id='word_1_200' title='bbox 519 2803 593 2865; x_wconf 91' lang='lat' dir='ltr'><strong>ergo</strong></span> <span class='ocrx_word' id='word_1_201' title='bbox 609 2786 767 2866; x_wconf 84' lang='lat' dir='ltr'><strong>antiquius</strong></span> <span class='ocrx_word' id='word_1_202' title='bbox 781 2785 921 2848; x_wconf 78' lang='lat' dir='ltr'><strong>Ecclesia</strong></span> <span class='ocrx_word' id='word_1_203' title='bbox 940 2784 999 2847; x_wconf 84' lang='lat' dir='ltr'><strong>fuit</strong></span> <span class='ocrx_word' id='word_1_204' title='bbox 1016 2801 1113 2864; x_wconf 83' lang='lat' dir='ltr'><strong>quam</strong></span> <span class='ocrx_word' id='word_1_205' title='bbox 1126 2790 1163 2844; x_wconf 84' lang='lat' dir='ltr'><strong>nt</strong></span> 
     </span>
     <span class='ocr_line' id='line_1_28' title="bbox 229 2871 1161 2961; baseline 0 -21"><span class='ocrx_word' id='word_1_206' title='bbox 229 2879 404 2942; x_wconf 91' lang='lat' dir='ltr'><strong>infidelium</strong></span> <span class='ocrx_word' id='word_1_207' title='bbox 417 2881 498 2943; x_wconf 84' lang='lat' dir='ltr'><strong>lilios</strong></span> <span class='ocrx_word' id='word_1_208' title='bbox 512 2881 617 2945; x_wconf 89' lang='lat' dir='ltr'><strong>invitis</strong></span> <span class='ocrx_word' id='word_1_209' title='bbox 630 2871 812 2961; x_wconf 86' lang='lat' dir='ltr'><strong>parentibus</strong></span> <span class='ocrx_word' id='word_1_210' title='bbox 828 2900 891 2943; x_wconf 93' lang='lat' dir='ltr'><strong>non</strong></span> <span class='ocrx_word' id='word_1_211' title='bbox 905 2881 1094 2959; x_wconf 82' lang='lat' dir='ltr'><strong>baptizaret3</strong></span> <span class='ocrx_word' id='word_1_212' title='bbox 1111 2881 1161 2942; x_wconf 90' lang='lat' dir='ltr'><strong>oni</strong></span> 
     </span>
     <span class='ocr_line' id='line_1_29' title="bbox 232 2975 1221 3058; baseline 0.003 -22"><span class='ocrx_word' id='word_1_213' title='bbox 232 2975 404 3055; x_wconf 84' lang='lat' dir='ltr'><strong>disciplinas</strong></span> <span class='ocrx_word' id='word_1_214' title='bbox 419 2981 539 3056; x_wconf 88' lang='lat' dir='ltr'><strong>proeter</strong></span> <span class='ocrx_word' id='word_1_215' title='bbox 551 2977 707 3039; x_wconf 89' lang='lat' dir='ltr'><strong>rationem</strong></span> <span class='ocrx_word' id='word_1_216' title='bbox 721 2995 816 3058; x_wconf 86' lang='lat' dir='ltr'><strong>quam</strong></span> <span class='ocrx_word' id='word_1_217' title='bbox 836 2982 930 3040; x_wconf 86' lang='lat' dir='ltr'><strong>antee</strong></span> <span class='ocrx_word' id='word_1_218' title='bbox 942 2977 1119 3055; x_wconf 77' lang='lat' dir='ltr'><strong>posuimus,</strong></span> <span class='ocrx_word' id='word_1_219' title='bbox 1131 2979 1162 3039; x_wconf 86' lang='lat' dir='ltr'><strong>et</strong></span> <span class='ocrx_word' id='word_1_220' title='bbox 1220 2999 1221 3020; x_wconf 59' lang='lat'>1</span> 
     </span>
    </p>
   </div>
   <div class='ocr_carea' id='block_1_6' title="bbox 231 3072 1221 3344">
    <p class='ocr_par' dir='ltr' id='par_1_8' title="bbox 231 3059 1221 3344">
     <span class='ocr_line' id='line_1_30' title="bbox 231 3072 1159 3154; baseline 0.006 -22"><span class='ocrx_word' id='word_1_221' title='bbox 231 3072 293 3133; x_wconf 84' lang='lat' dir='ltr'><strong>alia</strong></span> <span class='ocrx_word' id='word_1_222' title='bbox 312 3076 513 3154; x_wconf 83' lang='lat' dir='ltr'><strong>suffragatur,</strong></span> <span class='ocrx_word' id='word_1_223' title='bbox 537 3075 694 3152; x_wconf 85' lang='lat' dir='ltr'><strong>videlicet,</strong></span> <span class='ocrx_word' id='word_1_224' title='bbox 717 3093 756 3135; x_wconf 89' lang='lat' dir='ltr'><strong>ne</strong></span> <span class='ocrx_word' id='word_1_225' title='bbox 779 3075 913 3136; x_wconf 80' lang='lat' dir='ltr'><strong>infantes</strong></span> <span class='ocrx_word' id='word_1_226' title='bbox 934 3073 979 3134; x_wconf 89' lang='lat' dir='ltr'><strong>sic</strong></span> <span class='ocrx_word' id='word_1_227' title='bbox 998 3072 1159 3152; x_wconf 81' lang='lat' dir='ltr'><strong>baptizati,</strong></span> 
     </span>
     <span class='ocr_line' id='line_1_31' title="bbox 231 3167 1221 3254; baseline 0.003 -25"><span class='ocrx_word' id='word_1_228' title='bbox 231 3167 330 3230; x_wconf 87' lang='lat' dir='ltr'><strong>adulti</strong></span> <span class='ocrx_word' id='word_1_229' title='bbox 345 3188 441 3248; x_wconf 87' lang='lat' dir='ltr'><strong>quum</strong></span> <span class='ocrx_word' id='word_1_230' title='bbox 455 3173 582 3252; x_wconf 87' lang='lat' dir='ltr'><strong>fuerint,</strong></span> <span class='ocrx_word' id='word_1_231' title='bbox 599 3174 639 3235; x_wconf 89' lang='lat' dir='ltr'><strong>ob</strong></span> <span class='ocrx_word' id='word_1_232' title='bbox 652 3170 819 3254; x_wconf 84' lang='lat' dir='ltr'><strong>parentum</strong></span> <span class='ocrx_word' id='word_1_233' title='bbox 834 3189 976 3233; x_wconf 88' lang='lat' dir='ltr'><strong>amorem</strong></span> <span class='ocrx_word' id='word_1_234' title='bbox 993 3171 1108 3233; x_wconf 88' lang='lat' dir='ltr'><strong>iterum</strong></span> <span class='ocrx_word' id='word_1_235' title='bbox 1121 3171 1161 3231; x_wconf 86' lang='lat' dir='ltr'><strong>ad</strong></span> <span class='ocrx_word' id='word_1_236' title='bbox 1220 3225 1221 3232; x_wconf 71' lang='grc'>,</span> 
     </span>
     <span class='ocr_line' id='line_1_32' title="bbox 232 3263 1221 3344; baseline 0.003 -18"><span class='ocrx_word' id='word_1_237' title='bbox 232 3265 448 3328; x_wconf 83' lang='lat' dir='ltr'><strong>infidelitatem</strong></span> <span class='ocrx_word' id='word_1_238' title='bbox 477 3275 709 3334; x_wconf 86' lang='lat' dir='ltr'><strong>convertentur.</strong></span> <span class='ocrx_word' id='word_1_239' title='bbox 740 3272 830 3334; x_wconf 91' lang='lat' dir='ltr'><strong>Unde</strong></span> <span class='ocrx_word' id='word_1_240' title='bbox 864 3289 938 3334; x_wconf 90' lang='lat' dir='ltr'><strong>oum</strong></span> <span class='ocrx_word' id='word_1_241' title='bbox 974 3274 1006 3334; x_wconf 87' lang='lat' dir='ltr'><strong>S.</strong></span> <span class='ocrx_word' id='word_1_242' title='bbox 1043 3268 1101 3330; x_wconf 82' lang='lat' dir='ltr'><strong>Th.</strong></span> <span class='ocrx_word' id='word_1_243' title='bbox 1130 3270 1162 3329; x_wconf 92' lang='lat' dir='ltr'><strong>in</strong></span> <span class='ocrx_word' id='word_1_244' title='bbox 1220 3263 1221 3344; x_wconf 75' lang='lat' dir='ltr'><strong>l</strong></span> 
     </span>
    </p>
   </div>
   <div class='ocr_carea' id='block_1_7' title="bbox 232 3362 1221 3644">
    <p class='ocr_par' dir='ltr' id='par_1_9' title="bbox 232 3362 1221 3644">
     <span class='ocr_line' id='line_1_33' title="bbox 232 3362 1221 3446; baseline 0.001 -23"><span class='ocrx_word' id='word_1_245' title='bbox 232 3365 363 3440; x_wconf 67' lang='lat' dir='ltr'><strong>sparte</strong></span> <span class='ocrx_word' id='word_1_246' title='bbox 379 3382 431 3443; x_wconf 87' lang='lat' dir='ltr'><strong>qu.</strong></span> <span class='ocrx_word' id='word_1_247' title='bbox 448 3367 498 3426; x_wconf 84' lang='lat'><strong>68.</strong></span> <span class='ocrx_word' id='word_1_248' title='bbox 514 3369 587 3444; x_wconf 85' lang='lat' dir='ltr'><strong>ert,</strong></span> <span class='ocrx_word' id='word_1_249' title='bbox 604 3367 824 3446; x_wconf 84' lang='lat' dir='ltr'><strong>distinguimus</strong></span> <span class='ocrx_word' id='word_1_250' title='bbox 842 3386 883 3428; x_wconf 86' lang='lat' dir='ltr'><strong>an</strong></span> <span class='ocrx_word' id='word_1_251' title='bbox 902 3365 997 3446; x_wconf 88' lang='lat' dir='ltr'><strong>hujus</strong></span> <span class='ocrx_word' id='word_1_252' title='bbox 1014 3362 1101 3426; x_wconf 91' lang='lat' dir='ltr'><strong>modi</strong></span> <span class='ocrx_word' id='word_1_253' title='bbox 1116 3363 1163 3424; x_wconf 81' lang='lat' dir='ltr'><strong>in·</strong></span> <span class='ocrx_word' id='word_1_254' title='bbox 1220 3369 1221 3436; x_wconf 80' lang='lat' dir='ltr'><strong>l</strong></span> 
     </span>
     <span class='ocr_line' id='line_1_34' title="bbox 232 3461 1163 3544; baseline 0.004 -22"><span class='ocrx_word' id='word_1_255' title='bbox 232 3461 333 3522; x_wconf 83' lang='lat' dir='ltr'><strong>fantes</strong></span> <span class='ocrx_word' id='word_1_256' title='bbox 355 3461 527 3524; x_wconf 89' lang='lat' dir='ltr'><strong>infidelium</strong></span> <span class='ocrx_word' id='word_1_257' title='bbox 548 3467 686 3529; x_wconf 87' lang='lat' dir='ltr'><strong>habeant</strong></span> <span class='ocrx_word' id='word_1_258' title='bbox 706 3484 797 3527; x_wconf 93' lang='lat' dir='ltr'><strong>usum</strong></span> <span class='ocrx_word' id='word_1_259' title='bbox 817 3466 959 3544; x_wconf 84' lang='lat' dir='ltr'><strong>rationis,</strong></span> <span class='ocrx_word' id='word_1_260' title='bbox 980 3482 1037 3526; x_wconf 90' lang='lat' dir='ltr'><strong>neo</strong></span> <span class='ocrx_word' id='word_1_261' title='bbox 1058 3481 1108 3526; x_wconf 90' lang='lat' dir='ltr'><strong>ne.</strong></span> <span class='ocrx_word' id='word_1_262' title='bbox 1130 3465 1163 3526; x_wconf 90' lang='lat' dir='ltr'><strong>Si</strong></span> 
     </span>
     <span class='ocr_line' id='line_1_35' title="bbox 234 3559 1163 3644; baseline 0.002 -22"><span class='ocrx_word' id='word_1_263' title='bbox 234 3560 375 3625; x_wconf 83' lang='lat' dir='ltr'><strong>nondum</strong></span> <span class='ocrx_word' id='word_1_264' title='bbox 386 3559 505 3626; x_wconf 85' lang='lat' dir='ltr'><strong>habent</strong></span> <span class='ocrx_word' id='word_1_265' title='bbox 514 3579 605 3623; x_wconf 90' lang='lat' dir='ltr'><strong>nsum</strong></span> <span class='ocrx_word' id='word_1_266' title='bbox 614 3563 703 3625; x_wconf 87' lang='lat' dir='ltr'><strong>liberi</strong></span> <span class='ocrx_word' id='word_1_267' title='bbox 711 3563 842 3642; x_wconf 81' lang='lat' dir='ltr'><strong>arbitrii,</strong></span> <span class='ocrx_word' id='word_1_268' title='bbox 857 3564 1030 3628; x_wconf 89' lang='lat' dir='ltr'><strong>secundum</strong></span> <span class='ocrx_word' id='word_1_269' title='bbox 1040 3562 1093 3644; x_wconf 84' lang='lat' dir='ltr'><strong>jus</strong></span> <span class='ocrx_word' id='word_1_270' title='bbox 1106 3581 1163 3624; x_wconf 85' lang='lat' dir='ltr'><strong>nn·</strong></span> 
     </span>
    </p>
   </div>
   <div class='ocr_carea' id='block_1_8' title="bbox 0 0 1240 4125">
    <p class='ocr_par' dir='ltr' id='par_1_10' title="bbox 0 0 1240 4125">
     <span class='ocr_line' id='line_1_36' title="bbox 0 0 1240 4125; baseline 0 0"><span class='ocrx_word' id='word_1_271' title='bbox 0 0 1240 4125; x_wconf 95' lang='lat' dir='ltr'><strong> </strong></span> 
     </span>
    </p>
   </div>
  </div>
 </body>
</html>
