2442 4125
180 314 239 375 270
388 325 616 372 lnsrlrurtottss
636 325 718 371 tusis
739 324 895 371 canorum.

90 516 94 525 .
179 470 377 552 appellavere
400 472 530 531 oaeteros
548 469 615 531 dies
636 470 747 531 feriam
765 469 948 547 secundam,
970 473 1111 535 tertiam.

180 568 241 631 dtr.
259 567 390 628 Gasant.

114 714 120 723 .
218 662 349 737 Quando
377 679 452 740 ergo
479 660 620 723 Ecclesia
644 678 754 722 omnes
778 660 846 722 dies
870 661 902 721 io
931 662 1044 723 ordine
1069 666 1111 725 ed
1214 673 1218 682 “

179 756 297 819 nultum
311 756 368 817 Dei
385 757 477 817 vocal
494 753 599 827 ferias,
621 752 770 815 admonet
787 751 897 814 fideles
918 755 1005 833 quod
1027 773 1114 815 nun-

179 872 274 935 quam
288 852 494 927 0100011000,
512 849 746 911 aDei-servitio
765 849 1036 927 supersedendum
1057 852 1110 929 sit,

178 953 209 1013 et
222 948 289 1011 dies
304 964 412 1009 omnes
425 946 497 1007 vita
511 945 657 1005 humanm
680 943 737 1005 Dei
754 942 882 1004 servitio
902 945 1113 1005 oonseorandi

177 1046 249 1107 sint.
270 1043 346 1105 lnde
365 1046 412 1105 est
431 1026 518 1123 quod
531 1039 598 1120 jam
616 1045 685 1100 tum
702 1038 742 1099 ab
763 1037 949 1117 antiquitate
968 1038 1112 1099 Eeolesia
1162 1041 1168 1048 '

177 1140 315 1202 celebrat
342 1138 448 1201 divine
475 1138 578 1199 011010
601 1136 732 1215 singulis
754 1134 839 1196 feriis
862 1135 1108 1213 respondentia,

176 1236 248 1295 lieet
274 1234 315 1294 ad
343 1252 381 1295 ea
408 1232 637 1313 frequentanda
659 1231 733 1292 solis
755 1229 868 1291 diebus
889 1229 1056 1292 dominicis
1078 1238 1112 1291 et

176 1327 297 1389 oaeteris
319 1327 406 1407 lestis
423 1327 601 1404 praecipuis,
623 1326 663 1387 de
687 1326 800 1405 quibus
820 1323 962 1400 inferius,
987 1324 1111 1403 obligat

174 1421 293 1499 fideles,
310 1421 394 1501 quod
411 1426 444 1483 ut
457 1420 585 1483 liberius
600 1427 761 1498 praetant,
782 1418 929 1497 prohibet
948 1437 988 1479 ne
1009 1420 1107 1481 servi-

173 1519 256 1580 libus
271 1517 418 1596 operibus
433 1516 508 1577 dent
524 1532 663 1593 operam.

214 1614 291 1677 Inde
314 1612 517 1675 sanoufioatio
541 1610 770 1673 dominicarum
787 1628 853 1689 prae
873 1611 996 1671 caeteris
1019 1610 1108 1671 feriis

175 1710 279 1790 quoad
294 1710 356 1771 duo
378 1709 482 1787 sepita
501 1710 629 1787 recepta
648 1707 755 1768 101110
775 1705 987 1773 ecclesiastiea
1011 1706 1108 1768 disei-

174 1807 270 1886 pliua,
283 1804 439 1879 videlieet,
452 1807 482 1864 1ο
493 1808 528 1866 01
543 1804 650 1872 fideles
664 1802 705 1864 ad
719 1802 826 1863 divina
840 1801 943 1863 011010
955 1802 1108 1862 eonveni-

173 1905 254 1978 rent‚
279 1904 310 1961 2⁰
334 1900 374 1959 ab
395 1898 432 1959 iis
453 1898 647 1961 abstinerent
669 1915 738 1977 000
762 1900 901 1959 mentem
924 1897 1106 1961 notabiliter

174 1999 352 2059 averterent
367 1994 406 2055 ab
419 1994 531 2055 iisdem
546 1993 667 2055 olfioiis.

213 2096 383 2172 Postquam
410 2108 484 2152 vero
512 2090 677 2152 immutata
704 2089 869 2166 disciplina
890 2086 987 2147 divini
1010 2089 1106 2149 0111011

173 2189 314 2252 reoitalio
329 2186 514 2248 olerieornm
529 2185 612 2246 10010
626 2190 674 2244 001
687 2183 826 2263 propria,
842 2182 939 2244 laicos
958 2199 1022 2244 000
1036 2202 1106 2245 am-

172 2286 254 2364 plius
281 2284 385 2362 coegit
412 2282 551 2343 1100Ιο010
578 2283 614 2342 01
640 2280 753 2342 divinis
782 2278 893 2340 officiis
921 2278 1102 2356 adstarent,

172 2375 273 2434 solum
287 2373 328 2432 ad
342 2373 446 2432 missae
461 2372 659 2448 sacrificium,
676 2371 881 2451 relinquendo
895 2371 1022 2432 illorum
1036 2375 1104 2453 pie-

172 2467 229 2530 tati
243 2472 277 2526 ut
291 2465 359 2525 aliis
373 2466 587 2544 spiritualibus
601 2466 756 2530 exercitiis
770 2467 961 2530 incumbant.

210 2563 255 2624 llx
264 2562 329 2622 bae
345 2560 510 2638 discipline
522 2563 748 2642 apparetquod
758 2563 981 2625 11001110010010
992 2582 1101 2626 omnes

171 2659 237 2720 dies
262 2657 365 2720 divino
390 2657 486 2720 cultui
508 2660 627 2734 soeret,
654 2658 819 2720 nonnullos
842 2661 949 2719 autem
972 2659 1101 2739 speciali

170 2757 276 2834 modo,
293 2761 325 2819 et
342 2758 415 2818 sunt
431 2755 588 2832 Dominioi,
610 2753 763 2835 principia
777 2754 985 2818 hebdomadae
1000 2755 1101 2817 eoele-

169 2853 313 2915 siastieae.

209 2949 289 3010 XXI.
309 2947 370 3008 Sed
385 2944 539 3007 Dominioi
552 2945 620 3006 dies
634 2947 777 3025 quamvis
792 2946 831 3008 de
849 2952 971 3025 septem
983 2946 1018 3005 in
1032 2965 1100 3026 sep·

168 3047 233 3104 tem
260 3043 327 3102 dies
355 3041 536 3118 suecedent,
554 3059 617 3102 non
634 3046 740 3102 tamen
764 3059 888 3119 semper
907 3041 1049 3104 incidunt
1066 3041 1099 3099 in

168 3139 296 3200 eosdem
311 3138 377 3199 dies
396 3137 550 3201 mensium
570 3143 601 3197 et
619 3155 783 3198 annorum.
801 3140 842 3199 Ut
862 3156 937 3218 ergo
957 3136 1098 3218 generali

167 3234 305 3312 quadam
318 3235 428 3312 regula
449 3239 480 3294 et
498 3237 652 3312 perpetua
669 3234 702 3293 in
723 3233 914 3295 kalendariis
934 3233 1098 3294 ecelesias-

166 3327 235 3386 tiois
256 3332 433 3405 appareret,
456 3329 584 3407 quinam
608 3333 712 3390 essent
730 3328 764 3389 hi
782 3330 849 3389 dies
863 3327 994 3406 singulis
1007 3329 1097 3388 annis

166 3415 294 3493 speciali
307 3419 401 3478 modo
417 3421 480 3478 Deo
501 3422 592 3498 seori,
614 3421 707 3481 simul
726 3424 761 3481 ut
781 3425 949 3500 appareret
967 3420 1095 3500 quinem

167 3511 233 3571 dies
253 3508 384 3588 siugulis
404 3513 494 3572 annis
513 3516 608 3576 variis
630 3515 838 3579 hebdomada
856 3515 942 3578 feriis
965 3533 1096 3600 respon-
