2442 4125
187 334 243 392 tid
391 341 620 390 rusurrorronns
639 341 723 388 roms
744 342 899 387 onnonror.

225 496 257 553 2⁰
271 490 472 568 Subsequent
494 504 556 547 non
576 485 710 558 dirimit;
727 486 802 565 quia
821 488 890 547 tum
911 485 1030 565 divino,
1047 491 1125 550 tum

185 586 393 652 eoelesiaatioo
405 584 476 665 jure
491 581 725 646 matrimonium
739 585 787 643 est
800 580 1026 644 indissolubile.

224 692 256 749 3⁰
279 683 476 746 Anteeedens
499 682 652 759 perpetua
679 677 796 757 passim
823 677 938 740 dieitur
964 678 1122 742 dirimere

184 781 417 845 matrimonium
437 778 476 839 de
496 775 568 855 jure
589 773 724 836 naturali
744 777 775 835 et
793 774 927 853 positivo
948 775 1120 837 eoolesias-

182 880 256 941 tioo.

224 973 314 1048 Quod
334 971 469 1052 pertinet
483 968 524 1029 ad
536 966 586 1046 jus
607 964 760 1041 naturale,
777 962 893 1026 dieitur
913 982 951 1025 ex
970 982 1007 1026 eo
1027 968 1118 1051 quod

182 1070 253 1131 fluis
273 1064 508 1146 propagationis
528 1061 645 1124 sobolis
665 1061 706 1121 sit
726 1059 872 1140 conjugio
896 1060 1073 1121 essentialis
1087 1060 1112 1122 ¹.

184 1164 246 1228 Sed
270 1163 330 1223 hoe
353 1160 470 1242 patitur
500 1176 563 1221 non
586 1158 671 1220 leves
695 1155 906 1234 exceptiones.
936 1157 1017 1216 Nam
1038 1156 1116 1219 lieet

181 1258 415 1322 matrimonium
428 1258 468 1317 sit
482 1254 623 1316 medium
641 1251 834 1314 ordinarium
849 1269 868 1311 a
882 1253 995 1312 natura
1012 1270 1113 1330 praes-

181 1351 309 1413 titutum
319 1350 359 1411 ad
369 1347 631 1429 propagationem
639 1344 755 1423 speeiei
764 1343 921 1419 humanae,
930 1361 994 1405 nou
1004 1348 1113 1407 tamen

183 1449 233 1509 hio
248 1452 295 1509 est
313 1447 383 1507 finis
404 1445 457 1525 qui
479 1442 668 1505 determinat
688 1443 876 1518 ooneeptum
896 1439 991 1519 hujus
1012 1442 1112 1503 aoeie-

181 1544 265 1607 tatis.
288 1545 368 1605 Nam
389 1540 460 1602 finis
482 1537 650 1618 primarius
670 1536 861 1599 matrimonii
882 1541 930 1597 est
946 1537 1112 1599 individua

181 1643 253 1703 vitae
277 1637 455 1719 conjunctio
479 1636 519 1697 ad
545 1650 711 1696 commune
738 1631 947 1711 adjutorium3
978 1633 1109 1711 proinde

181 1734 340 1795 videretur
363 1731 485 1810 oonoipi
506 1747 598 1811 possa
622 1728 871 1804 matrimonium,
892 1728 978 1789 nullo
1002 1728 1109 1789 habito

181 1832 325 1906 respectu
346 1826 386 1888 ad
409 1828 555 1905 eopulam
576 1824 790 1905 conjugalem,
807 1830 839 1884 et
856 1837 928 1884 oum
948 1823 1110 1885 renuntia-

180 1922 264 1985 tione
280 1921 345 2003 juri
366 1922 450 2002 quod
474 1922 547 1983 iude
562 1940 599 1983 ex
613 1921 673 1982 hae
694 1919 842 1981 societate
865 1922 1048 1981 nasoaretnr
1067 1918 1108 1979 ad

179 2015 274 2096 prolis
288 2014 549 2096 procreationem.

219 2111 309 2172 Adde
332 2111 417 2190 quod
440 2112 538 2172 veteri
557 2109 645 2190 jure,
667 2108 843 2187 prasertim
870 2105 1018 2168 Eoelesiae
1047 2110 1108 2170 Ro·

180 2225 292 2282 mauae,
309 2207 434 2269 videtur
454 2205 687 2267 consideratum
707 2204 967 2284 impedimentum
987 2203 1107 2283 ligami-

180 2300 227 2358 nis
255 2300 350 2362 etiam
373 2301 404 2358 in
429 2297 609 2377 hujusmodi
636 2299 855 2378 impotentium
880 2299 1105 2375 matrimoniis,

178 2393 336 2472 praeoipue
355 2393 481 2472 quando
502 2398 613 2454 uotum
632 2400 700 2457 erat
719 2394 896 2475 hujusmodi
915 2395 1106 2474 impotentiae

178 2486 288 2547 vitium
303 2490 375 2547 aute
389 2489 598 2561 eontraotum;
615 2490 650 2549 ut
663 2487 770 2549 videre
785 2489 874 2550 estin
883 2489 973 2550 titulo
989 2489 1029 2550 de
1043 2489 1107 2552 Fri-

177 2581 269 2660 gadis.

218 2671 1106 2756 Quodveropertinetadjuseauouieum,efferturquod-

177 2769 250 2830 dam
272 2768 368 2829 breve
392 2767 469 2830 Sixti
492 2771 519 2831 V
543 2769 629 2850 quod
651 2770 808 2849 profertur
829 2774 896 2833 tum
916 2772 1103 2847 aSanehez,

176 2868 244 2926 tum
269 2865 363 2928 etiam
387 2883 407 2926 a
430 2863 558 2941 Giraldi,
575 2864 605 2926 in
632 2881 750 2943 eap.1v
770 2867 809 2929 de
823 2865 967 2944 Frigidis.
986 2867 1050 2928 Sed
1063 2867 1106 2928 ibi

207 3084 296 3134 ¹Cum
311 3085 385 3134 euim
403 3081 575 3147 procreandas
595 3079 698 3134 sobolis
716 3083 924 3144 consumptua
943 3089 1105 3148 comparata

174 3162 240 3222 sint,
253 3159 288 3208 ad
302 3162 448 3212 assentiam
461 3159 631 3212 matrimonii
645 3160 764 3224 pertinet
777 3162 900 3223 potentia
921 3163 1046 3225 perfeeto
1060 3178 1104 3213 eo·

175 3237 247 3301 pulae
261 3237 405 3300 haheudae,
414 3239 472 3289 sine
483 3253 537 3304 qua
547 3239 592 3288 hie
601 3239 664 3288 fluis
673 3251 729 3289 uon
738 3239 964 3303 potestobtiueri.
977 3243 1105 3301 Quamvis

175 3315 268 3374 enim,
288 3319 319 3366 ut
336 3317 376 3364 ait
396 3319 424 3367 S.
443 3318 572 3382 Thomas,
594 3316 711 3367 earnalis
731 3315 833 3380 eopulae
850 3322 926 3370 aetus
941 3333 998 3370 nou
1019 3322 1055 3370 sit
1072 3321 1105 3370 de

175 3393 293 3444 essentia
307 3395 490 3458 matrimonii,
500 3396 623 3460 potentia
634 3399 727 3446 tamen
740 3396 834 3447 adhoc
848 3401 889 3448 est
901 3399 1003 3462 deeius
1017 3411 1107 3450 esseu-

174 3473 222 3535 tia,
237 3472 302 3534 quia
314 3485 362 3536 per
377 3473 583 3524 matrimonium
600 3474 683 3525 datur
696 3474 846 3539 uuicuique
861 3476 970 3542 coniugi
986 3481 1105 3543 potestas

175 3549 204 3597 in
218 3560 328 3609 corpore
343 3548 455 3599 alterius
468 3555 592 3612 respectu
606 3553 722 3604 carnaiis
736 3554 849 3618 copulae.
