2442 4125
191 272 230 329 82
399 272 627 322 susurrumorss
647 272 731 318 sums
752 271 908 318 cssoorcr.

192 425 336 489 vehendo
351 420 535 483 exercitium
548 418 684 479 aliorum
696 417 823 497 piorum
833 434 977 498 operum,
989 435 1136 499 quorum

192 522 281 603 praxi
313 522 403 581 tanta
436 533 532 596 poena
564 532 673 577 coram
707 516 773 576 Deo
800 515 980 577 remittatur
1007 522 1136 595 quanta

192 618 404 679 remitteretur
416 632 474 693 per
486 614 534 675 tot
547 629 659 688 annos,
675 610 755 687 dies,
771 614 847 688 eta,
864 610 1065 690 paenitentiae
1079 629 1137 673 ca-

192 731 432 872 nolltffsslbclesia
445 807 498 887 pia
512 808 615 867 mater
626 822 661 865 se
674 808 788 883 aptans
801 803 904 866 aetatis
917 803 1134 870 circumstan-

190 908 243 970 tiis
256 900 385 969 infinitis
396 911 428 966 et
441 901 686 964 multiformibus
694 899 820 980 pietatis
829 899 993 979 operibus,
1003 902 1041 963 id
1052 903 1135 965 obti-

86 994 90 1003 '
192 1007 245 1065 net
259 1002 344 1082 quod
358 1018 421 1062 non
436 999 594 1061 obtineret
606 1000 727 1058 tsrrore
736 997 917 1075 systematis
930 997 1133 1075 poenitentia

192 1098 350 1160 canonicae
367 1116 374 1158 :
392 1096 465 1158 inde
479 1095 587 1157 videre
601 1093 750 1173 estquod
769 1092 936 1154 deficiente
953 1096 1132 1171 systemate

189 1191 243 1251 illo
254 1190 460 1251 exordiuntur
469 1188 741 1250 confraternitates
753 1187 917 1264 laicorum,
929 1205 1007 1249 cum
1016 1188 1131 1251 habitu

190 1287 397 1367 paenitentiali
420 1304 478 1366 pro
500 1285 648 1367 operibus
669 1284 795 1363 pietatis
814 1284 965 1346 institutis
990 1288 1130 1365 :praxis

192 1382 324 1459 Rosarii‚
346 1382 567 1443 exercitiorum
589 1380 809 1460 spiritualium,
834 1399 909 1442 usus
927 1381 1131 1462 frequentior

191 1484 223 1543 et
238 1479 468 1559 'multiplicatus
491 1479 580 1540 verbi
605 1478 674 1555 Dei,
703 1477 948 1557 supplicationes
974 1479 1126 1557 publieae,

186 1576 399 1656 expositiones
418 1574 524 1638 Sancti
544 1573 750 1650 sacramenti,
766 1591 890 1635 menses
902 1574 987 1635 sacri
1009 1581 1044 1637 et
1065 1578 1129 1639 Ma·

190 1672 244 1733 riae
265 1673 387 1752 Virgini
408 1675 440 1735 st
458 1672 597 1751 losepbo
619 1670 689 1750 ejus
708 1687 824 1750 sponso
845 1674 878 1732 et
896 1672 1009 1733 saneto
1031 1673 1127 1735 Cordi

190 1770 207 1829 J
210 1786 266 1828 esu
280 1773 313 1828 et
326 1768 492 1828 animabus
505 1768 752 1845 purgantibus...

229 1864 415 1926 lansenistae
429 1866 575 1942 optarent
588 1866 751 1945 antiquam
771 1863 968 1943 disciplinam
982 1865 1018 1927 in
1032 1883 1126 1928 cons-

188 1964 282 2043 peetu
296 1960 478 2040 hujusmodi
496 1959 716 2022 exercitiorum
730 1961 853 2041 quibus
864 1960 1003 2027 udum
1022 1961 1124 2024 immi-

190 2065 302 2122 nutum
314 2057 458 2140 spiritum
472 2057 639 2130 Ecclesiae3
655 2061 865 2136 protestantes
879 2057 948 2120 haec
960 2056 1098 2120 irrident
1113 2081 1120 2121 :

190 2158 293 2220 neutri
302 2157 410 2220 vident
420 2155 566 2217 eumdem
577 2155 751 2215 essefinem
760 2160 793 2215 et
803 2154 949 2234 spiritum
958 2156 1120 2232 lloelesiae,

189 2253 291 2314 aetatis
305 2252 450 2314 varietati
470 2251 699 2314 coordinatum.
1208 2280 1209 2319 r

228 2349 295 2410 vll.
310 2349 356 2407 Ex
370 2347 482 2408 eadem
495 2348 648 2409 varietate
658 2346 831 2434 disciplinae
844 2349 875 2409 et
888 2347 950 2409 boc
962 2349 1118 2428 sequitur,
1208 2326 1209 2351 ¹

188 2443 273 2525 qnod
293 2443 418 2520 quando
439 2443 524 2504 stetit
543 2445 731 2524 poenitentia
743 2444 907 2520 canonica,
922 2463 1055 2524 poenam
1070 2464 1122 2507 eo-

187 2557 257 2601 ram
283 2541 348 2600 Deo
370 2538 508 2601 debitam
530 2541 684 2603 indirecte
706 2542 826 2604 remisit
847 2541 989 2603 Ecclesia
1013 2544 1121 2603 remit·

186 2638 282 2699 tendo
296 2653 406 2717 poenas
421 2655 440 2698 a
454 2638 617 2700 sacerdote
636 2639 686 2700 vel
705 2656 725 2699 a
742 2638 813 2718 jure
833 2637 994 2718 injunctas
1014 2658 1022 2700 :
1039 2641 1120 2718 post·

187 2753 282 2816 quam
310 2735 423 2797 cecidit
454 2735 640 2813 poenitentia
671 2735 842 2813 canonica,
876 2735 1063 2796 immediate
1089 2739 1120 2796 et

186 2832 304 2895 directe
318 2849 428 2912 poenas
441 2830 560 2891 laxavit
572 2831 605 2891 in
616 2831 676 2892 hoc
685 2830 735 2891 vel
748 2830 781 2890 in
795 2831 901 2893 futuro
911 2848 984 2893 saec.
998 2831 1118 2894 obeun-

186 2928 252 2990 das.
270 2928 346 2990 lnde
360 2928 564 3007 consequitur
578 2927 676 3006 quod.
891 2997 894 3002 ,

225 3027 255 3082 l⁰
270 3025 475 3106 Indulgentiae
497 3022 667 3104 aliquando
688 3022 898 3085 versabantur
915 3023 1002 3084 circa
1021 3042 1118 3104 opera

185 3119 409 3198 paenitentibus
423 3119 556 3199 publicis
568 3117 730 3199 injuncta;
751 3118 845 3180 hodie
864 3119 934 3182 haec
951 3137 1053 3199 opera
1067 3137 1116 3181 or·

185 3210 305 3271 dinarie
329 3211 558 3273 subtrahuntur
581 3212 743 3292 (indirecte
771 3216 899 3290 possent
921 3214 989 3275 haec
1018 3234 1114 3294 opera

184 3304 363 3386 pertingere
373 3311 450 3385 puta
459 3326 567 3370 casum
575 3309 659 3369 illius
670 3308 724 3389 qui
732 3310 871 3372 lucratus
885 3309 1113 3389 indulgentiam

183 3402 358 3480 plenariam
371 3419 434 3464 non
448 3403 613 3481 perfuncta
626 3405 731 3467 adhoc
740 3405 959 3483 poenitentiam
969 3408 1110 3488 oriatur).

185 3499 258 3556 llaee
273 3495 398 3556 videtur
411 3513 499 3556 mens
513 3498 661 3561 llcclesiae
676 3516 746 3578 quae
760 3499 931 3578 aliquando
943 3500 1111 3579 indulgen·
1207 3510 1208 3589 j
