2442 4125
368 334 406 379 nn
427 336 555 383 OBJEGTO
576 337 660 383 JURIS
681 334 837 384 conemur.
1008 330 1064 387 177

132 480 240 542 Sixtus
252 481 278 540 V
288 460 414 540 videtur
427 478 588 541 daolarare
601 482 753 559 tanquam
763 480 852 543 irrita
866 483 1066 545 matrimonia

131 594 204 657 quae
222 575 342 636 flebant
353 575 387 635 in
400 572 550 653 Hispania
563 576 603 637 ab
619 577 783 649 ennuchis,
799 596 862 639 non
876 579 918 640 ad
932 579 1065 659 simplex

130 672 205 734 vitae
221 669 414 750 adjutorium
435 671 501 732 sine
516 676 661 750 respeotu
676 673 717 734 ad
732 675 888 752 copulam,
904 674 960 736 sed
981 695 1063 755 prae-

130 769 211 843 oise,
232 756 393 827 adfinem
425 766 535 827 nefarii
566 766 802 830 concubinatus.
830 771 987 831 Caeterum
1013 792 1064 834 res
1138 763 1144 770 ’

129 862 262 941 periculi
275 861 369 939 plena
383 868 439 938 est,
457 866 488 924 et
502 861 614 925 saltem
627 864 797 925 universali
810 866 957 927 Eoolesiae
973 870 1064 946 praxi

130 962 296 1037 receptum
318 958 458 1035 videtur,
483 958 567 1038 quod
592 958 667 1020 talia
688 961 891 1021 matrimonia
911 964 1064 1042 tanquam

129 1054 219 1114 nulla
239 1054 426 1131 habeantur,
443 1055 543 1133 etqui
563 1056 608 1115 sio
630 1057 843 1120 contraxerint
862 1063 1058 1138 separentur.

128 1153 197 1211 Hoo
222 1156 328 1211 autem
351 1169 414 1230 qua
436 1151 604 1231 prudentia
624 1153 696 1225 fiat,
720 1152 792 1215 vide
815 1155 901 1233 apud
924 1156 1059 1233 Giraldi,

128 1245 263 1309 Berardi
278 1248 309 1307 et
322 1246 400 1308 alios
414 1245 633 1309 communiter.

404 1425 414 1443 ⁰
422 1432 447 1476 (l.
460 1431 491 1476 lle
502 1431 682 1487 tnoompatibilite
691 1437 768 1477 slatus

168 1567 280 1629 XXVI.
297 1566 372 1627 Tres
393 1567 466 1626 sunt
486 1567 585 1625 status
605 1564 855 1644 inoompatibiles
866 1566 938 1645 jure
953 1570 1061 1628 nostro

127 1680 202 1723 oum
217 1664 299 1723 statu
314 1660 537 1722 matrimoniali
554 1661 753 1739 suscipiendo
768 1666 800 1722 et
814 1678 886 1722 oum
900 1678 938 1721 eo
952 1662 1062 1723 inoon-

127 1757 291 1833 oiliabiles,
306 1758 351 1817 ita
370 1761 405 1817 ut
423 1756 475 1835 qui
494 1756 527 1815 in
546 1774 608 1817 uno
631 1774 670 1816 ex
691 1756 728 1817 iis
748 1756 850 1819 tribus
873 1758 1060 1821 constitutus

32 1887 35 1892 ·
126 1853 365 1915 matrimonium
378 1853 579 1914 attentaverit
592 1852 707 1929 faeere,
723 1854 959 1915 matrimonium
977 1856 1060 1917 illius

125 1948 249 2010 nullum
267 1948 421 2010 habeatur
435 1952 467 2009 et
480 1947 614 2010 irritum.
631 1947 712 2010 Sunt
725 1950 849 2009 autem:
868 1950 974 2011 Status
987 1951 1061 2011 reli-

42 2112 44 2116 ,
126 2045 245 2126 giosus,
262 2047 361 2107 status
375 2042 456 2105 saori
470 2040 645 2118 ministerii,
662 2045 761 2104 status
779 2042 964 2122 conjugalis,
981 2061 1060 2123 quo-

124 2160 199 2204 rum
222 2141 342 2220 primus
364 2140 552 2201 solemnium
574 2144 721 2202 votorum
744 2138 955 2217 professione,
980 2139 1060 2201 alter
1137 2199 1144 2215 ,

125 2237 209 2298 saori
229 2240 261 2298 et
282 2235 412 2316 majoris
436 2235 554 2297 ordinis
577 2236 792 2315 susceptione,
814 2234 926 2296 tertius
949 2235 1059 2297 matri-

124 2334 223 2396 monii
237 2331 447 2394 celebratione
460 2332 678 2412 inauguratur.
940 2319 947 2328 ’

164 2429 288 2490 Primus
302 2433 334 2489 et
347 2428 427 2490 alter
446 2431 547 2489 status
567 2434 641 2490 sunt
660 2428 805 2507 perpetui
820 2428 962 2509 (exoepto
983 2447 1058 2490 oasu

123 2521 399 2584 saecularizationis
414 2521 464 2582 vel
479 2522 724 2600 degradationis,
737 2522 793 2582 sed
804 2522 872 2583 baeo
887 2540 943 2584 suo
958 2521 1054 2601 looo);

124 2618 234 2680 tertius
257 2618 409 2697 perdurat
431 2636 531 2698 usque
555 2619 593 2679 ad
619 2618 717 2680 vitam
740 2619 868 2678 alterius
896 2617 1053 2698 eonjugis3

123 2715 180 2775 sed
193 2731 302 2775 omnes
316 2714 489 2792 respective
501 2713 541 2775 ad
553 2713 724 2793 quamdam
737 2714 833 2773 fidem
842 2712 891 2772 vel
899 2713 1055 2790 religioni,

122 2811 173 2871 vel
186 2809 346 2885 Eoolesiae,
362 2808 413 2869 vel
427 2809 554 2888 conjugi
573 2807 775 2885 servandum,
791 2807 836 2869 ita
849 2811 884 2869 ut
897 2808 1056 2868 matrimo-

123 2907 210 2967 nium
225 2908 413 2968 attentatum
434 2904 554 2965 nullum
568 2905 618 2966 sit.
637 2903 701 2965 Sub
717 2904 776 2964 hoo
791 2902 893 2980 eapite
915 2919 989 2980 ergo
1004 2921 1056 2962 re-

122 3002 280 3063 duountur
294 3017 333 3062 ea
345 2999 572 3079 impedimenta
592 2999 772 3062 dirimentia
793 3015 863 3077 quae
885 2998 1051 3060 dicuntur:

121 3099 250 3173 Votum,
267 3095 356 3173 ordo,
372 3096 521 3176 ligamen.

225 3259 295 3316 tolle
307 3257 458 3314 impedimento
470 3259 523 3310 voli,
534 3271 571 3302 aea
582 3259 610 3303 de
617 3261 677 3302 matu
686 3258 790 3313 religioso
803 3258 827 3302 to
835 3258 913 3303 oraim
922 3259 954 3302 od

499 3329 669 3372 matrimonium.

160 3437 283 3498 XXVII.
297 3435 368 3497 Fuit
378 3433 541 3514 problema
554 3433 823 3514 pseudo-politicis
833 3434 931 3514 elapsi
945 3435 1052 3498 soeouli

117 3529 302 3608 insolubile,
333 3531 566 3612 quomodonam
597 3531 775 3609 promoveri
807 3536 914 3610 posset
944 3530 1052 3610 populi
