2442 4125
335 380 375 427 ns
395 380 524 430 oarncro
543 384 626 431 mars
648 384 804 434 cancmcr.
996 380 1034 438 97

97 527 155 585 dia
168 530 242 585 sunt
254 524 413 605 assignata
426 527 510 588 unde
524 528 621 591 vitam
639 534 799 609 caperent,
819 533 1035 613 percipiebant

95 640 139 681 ex
152 621 191 680 iis
204 619 323 682 fructus
341 622 531 701 temporales
549 624 590 685 ad
608 626 658 686 aui
677 628 948 690 sustentationem.
971 632 1034 692 Sed

93 716 173 779 lieet
186 717 274 777 varia
287 722 370 779 esset
384 718 488 797 quoad
503 720 572 781 baec
587 720 762 799 disciplina,
777 723 838 783 boc
848 725 1035 787 servabatur

94 818 134 872 ut
148 831 212 873 una
222 830 294 873 cum
304 813 451 874 ordinum
461 816 628 877 collebono
639 817 734 879 etiem
744 817 881 880 officium
891 819 1030 898 daretur,

95 913 130 970 et
141 908 195 988 jus
208 908 248 969 ad
262 910 532 989 sustentationem,
545 930 604 973 nee
618 912 685 974 sine
700 914 761 975 boc
775 914 867 977 titulo
878 915 1031 978 ordinatio

96 1003 330 1066 admitteretur.

139 1099 221 1160 Saec⁰
235 1114 280 1159 xu
295 1098 445 1178 distingui
459 1100 556 1179 coepit
576 1100 701 1163 collatio
721 1102 815 1164 officii
833 1122 853 1165 a
866 1105 1031 1168 collatione

94 1194 244 1257 ordinum
269 1214 276 1255 ε
300 1193 373 1255 inde
394 1194 512 1255 abnam
531 1197 708 1275 irrumpere
730 1198 861 1277 alicubi,
885 1204 921 1263 ut
941 1201 1031 1263 multi

92 1309 220 1353 sacram
234 1291 464 1353 ordinationem
477 1296 631 1371 peterent,
648 1298 680 1357 et
693 1294 733 1355 ab
748 1296 951 1359 oscitantibus
967 1296 1031 1375 epi·

92 1389 199 1466 scopis
218 1392 496 1467 consequerentur,
520 1406 579 1449 nec
599 1388 776 1452 officiorum
798 1410 961 1455 sacrorum
984 1394 1030 1453 iu·

92 1484 188 1561 tuitu,
205 1501 263 1544 nec
277 1501 350 1544 cnm
364 1481 472 1544 debita
484 1484 665 1546 reddituum
680 1488 901 1567 applicatione.
923 1488 1031 1549 Perni-

93 1582 182 1641 ciosa
210 1580 279 1641 baec
306 1582 375 1641 erat
404 1578 569 1657 disciplina
594 1580 661 1643 sive
690 1583 730 1644 ob
758 1584 856 1645 otium
885 1602 904 1643 a
931 1583 1029 1643 sacris

92 1677 285 1753 ministeriis,
306 1680 338 1737 et
357 1678 525 1754 propterea
545 1676 587 1738 ob
605 1678 813 1758 indigentiam
833 1696 1029 1759 consequen-

91 1778 159 1835 tem
182 1772 375 1833 clericorum.
401 1769 447 1831 11¹.
473 1774 532 1832 1³⁶⁸.
556 1772 736 1836 Alexander
756 1776 797 1837 lll
816 1780 849 1836 et
862 1776 969 1837 lunoc.
986 1775 1027 1836 lll

91 1870 181 1929 hisce
191 1867 340 1927 abusibus
350 1866 547 1943 obstiterunt,
559 1868 674 1930 acriter
683 1870 908 1933 contendentes
919 1874 954 1931 ut
963 1871 1028 1948 spi-

91 1952 173 2027 ritus
192 1963 382 2025 retineretur
401 1964 538 2042 antiquae
557 1963 742 2042 disciplina.
765 1966 926 2045 Quidquid
945 1972 1028 2027 esset

90 2064 132 2124 de
159 2061 254 2122 modo
282 2058 465 2121 conterendi
492 2058 586 2120 officii
614 2061 706 2136 sacri,
737 2061 787 2121 rel
815 2059 962 2122 videlicet
993 2061 1025 2120 in

89 2161 240 2220 concreto
259 2160 291 2219 et
311 2156 528 2232 determinate,
549 2155 600 2216 vel
619 2155 660 2215 ad
675 2154 798 2217 libitum
813 2154 953 2233 episcopi
967 2173 1024 2234 pro

88 2255 225 2317 utilitate
239 2253 291 2314 vel
309 2252 494 2313 necessitate
514 2250 681 2324 Ecclesiae3
707 2250 861 2330 quidquid
883 2253 965 2312 esset
985 2250 1024 2312 de

88 2355 163 2412 actu
184 2348 365 2410 conterendi
385 2347 628 2410 determinatum
647 2347 776 2427 aliquod
797 2346 936 2408 officium
957 2347 1024 2408 sive

87 2450 162 2507 ante
178 2446 244 2505 sive
258 2447 329 2529 post
342 2443 572 2504 ordinationem
593 2463 599 2504 :
620 2443 749 2504 voluere
769 2447 804 2505 ut
823 2443 895 2504 vitae
916 2460 1024 2504 ncces-

86 2540 174 2600 saria
200 2541 403 2618 suppeterent
429 2536 470 2597 ad
497 2536 595 2597 vitam
624 2536 753 2599 honeste
781 2537 1019 2598 traducendam.

87 2636 179 2707 Quod
194 2636 221 2695 si
233 2634 376 2695 redditus
389 2633 430 2693 ad
445 2633 612 2694 honestam
633 2633 891 2695 sustentationem
910 2650 949 2692 ex
966 2633 1023 2692 be-

85 2731 200 2792 neficio
215 2730 326 2791 baberi
338 2747 402 2791 non
415 2733 553 2808 possent,
570 2729 682 2788 saltem
701 2748 739 2789 cx
758 2728 848 2790 bonis
868 2729 1019 2806 patrimo-

86 2826 223 2887 nialibus
237 2826 380 2907 ejusdem
394 2825 499 2886 clerici
513 2826 694 2887 haberetur.

124 2923 204 2984 Inde
230 2922 339 2985 titulus
368 2921 572 2984 ordinationis
598 2922 792 2982 considerari
820 2919 1020 2998 potissimum

83 3021 172 3082 visus
195 3023 244 3080 est
266 3021 411 3097 respectu
436 3018 477 3078 ad
499 3018 641 3080 redditus
666 3016 779 3096 quibus
802 3016 1020 3078 sustentationi

83 3117 272 3178 clericorum
285 3117 523 3195 provideretur3
539 3116 596 3176 sed
617 3117 732 3194 prater
754 3113 879 3174 titulum
899 3115 1020 3176 beneti-

81 3215 122 3275 cii
137 3211 242 3273 titulos
253 3213 429 3292 patrimonii
444 3212 600 3273 admissus
622 3216 670 3272 est
688 3217 841 3290 tanquam
862 3211 1018 3272 subsidia-

80 3313 157 3372 rius.
185 3308 276 3380 Quod
305 3309 330 3369 si
355 3308 536 3388 contigisset
558 3308 741 3387 episcopum
771 3307 837 3367 sinc
866 3308 1017 3369 alterutro

81 3406 173 3466 titulo
195 3403 344 3464 clericum
369 3405 528 3480 ordinare,
555 3405 624 3482 ipse
653 3407 814 3464 teneretur
835 3403 1014 3464 ordinatum

80 3501 172 3562 titulo
187 3499 272 3561 alere
295 3500 397 3561 donec
418 3500 470 3562 ille
494 3500 534 3560 de
557 3500 662 3579 aliquo
684 3500 774 3562 titulo
795 3498 1012 3579 provideatur.

38 3647 41 3653 .
79 3600 316 3678 consequenter
330 3601 362 3660 et
374 3598 541 3677 pensiones
554 3595 717 3677 perpetuae
732 3615 771 3656 ex
791 3597 895 3674 aliquo
918 3594 1015 3652 bene·

188 3711 254 3752 rou.
275 3711 307 3750 11.
892 3691 907 3740 t
