2442 4125
200 308 259 367 lto
407 320 637 366 msmrunonas
658 320 740 365 roms
763 319 918 367 canonem.

239 471 272 528 2⁰
284 465 478 526 Elevavited
491 468 724 526 sacramentum
737 464 841 543 ipsum
855 469 1063 528 contractum
1076 486 1145 528 ma-

198 562 347 635 trimonii,
364 564 399 622 ut
412 560 563 641 conjuges
577 578 635 639 par
648 561 708 621 hoo
727 561 866 622 medium
885 561 1052 625 haherent
1070 584 1143 644 gra-

198 660 276 721 tiam
290 657 331 717 ad
344 656 449 736 legem
463 655 549 715 illam
573 655 816 717 observandam.
832 656 888 715 Est
901 658 1016 717 autem
1031 676 1039 716 :
1056 657 1140 719 tusto

197 761 227 813 et
246 751 377 830 lepitimo
397 749 635 813 Christianorum
652 749 744 809 moris
762 757 790 809 et
802 748 934 828 sccmtooe
956 750 1139 829 conjunctio,

199 847 379 909 individuam
408 846 475 907 vilse
502 843 732 905 consuetudinem
760 844 904 922 retineas,
930 844 1077 907 instituto
1102 845 1141 907 od

198 944 423 1026 sipaificcadcm
438 944 573 1005 unionem
588 940 778 1004 cirisacum
793 940 939 1014 Ecclesia,
955 960 1027 1001 cam
1042 943 1139 1022 prono

117 1081 121 1087 ·
198 1040 325 1112 adnexo,
342 1046 403 1097 tom
417 1036 457 1097 od
469 1035 631 1098 amicitiam
645 1034 885 1113 consonantiam,
900 1042 965 1095 tom
981 1034 1025 1095 od
1039 1036 1139 1097 soto&

197 1132 426 1213 procreationem
441 1143 469 1194 et
480 1131 687 1194 educationem.

237 1230 307 1290 Uno
328 1229 437 1306 verbo,
454 1230 553 1290 voluit
573 1227 715 1288 Christus
734 1231 769 1289 ut
786 1228 1032 1289 matrimonium
1052 1231 1139 1292 fieret

198 1328 442 1398 sacramentum,
452 1340 508 1382 sen
516 1326 712 1382 contractum
722 1322 992 1382 matrimonialem
999 1325 1139 1386 reddidit

199 1420 323 1497 signum
343 1433 469 1477 sacrum
488 1416 574 1493 quod
593 1417 834 1492 representaret
853 1414 1009 1476 unionem
1024 1418 1139 1478 Christi

198 1533 271 1575 eum
291 1512 446 1591 Ecclesia,
463 1511 607 1591 conjugis
628 1510 853 1586 sanctificaret,
870 1527 1056 1591 eorumque
1079 1513 1138 1572 ani·

198 1631 266 1674 mos
280 1612 448 1673 sustineret
461 1614 493 1672 et
502 1609 680 1672 ,devinciret
693 1608 725 1668 iu
740 1607 849 1669 ordine
865 1607 905 1668 ad
920 1610 1025 1669 linem
1040 1611 1138 1671 socie-

196 1707 270 1767 tatis
282 1703 466 1783 conjugalis.

236 1802 284 1860 lta
296 1798 436 1860 christvm
455 1796 633 1857 revocando
652 1795 812 1876 legemad
827 1812 917 1856 snam
937 1796 1140 1873 primitivam

196 1893 435 1970 institutionem,
451 1891 645 1954 sublevando
661 1892 803 1953 homines
822 1890 925 1970 gratia
944 1910 1017 1971 sua,
1034 1899 1075 1957 ut
1089 1896 1141 1955 fie-

196 1994 268 2052 rent
276 1989 358 2050 illius
368 1989 528 2072 implenda
537 2006 683 2067 capuceo,
695 1988 884 2049 restauravit
893 1989 1141 2053 matrimonium

197 2087 230 2147 iu
243 2086 411 2166 pristinum
424 2103 517 2146 suum
530 2085 675 2164 gradum.

236 2188 272 2245 ln
294 2206 332 2247 ea
352 2183 527 2249 aeeonomia
547 2200 610 2262 qua
631 2183 772 2245 Christus
793 2201 868 2245 usus
891 2183 985 2245 estin
1001 2184 1141 2246 humani

197 2282 321 2358 generis
337 2281 574 2359 Redemptione,
591 2282 626 2341 ut
639 2278 786 2342 videlicet
798 2279 981 2341 immediate
997 2283 1140 2344 sanctifi-

198 2378 284 2434 caret
302 2391 464 2452 personas,
480 2393 544 2436 uon
564 2376 721 2452 naturam,
739 2377 834 2437 etiam
847 2378 880 2437 in
894 2375 1023 2437 homine
1043 2397 1141 2440 sano·

196 2468 325 2544 tiflcato,
343 2472 473 2530 manent
491 2488 596 2548 pravae
612 2469 829 2532 inclinationes
844 2489 914 2551 quae
929 2489 1002 2532 eam
1016 2479 1139 2537 secuta

196 2566 280 2638 suut,
293 2564 325 2622 et
338 2562 380 2622 ad
394 2567 559 2640 peceatum
572 2557 735 2641 inclinent,
746 2564 819 2626 licet
833 2566 963 2643 peccata
977 2583 1044 2625 non
1062 2568 1137 2630 sint.

195 2660 281 2721 luter
299 2659 356 2719 has
375 2658 477 2739 major
491 2663 538 2721 est
551 2660 806 2739 coucupiscentia
827 2660 941 2720 carnis.
958 2662 1139 2739 Propterea

196 2754 432 2817 matrimonium
452 2755 570 2816 factum
591 2758 639 2817 est
657 2755 917 2836 concupiscentia
939 2758 1136 2836 remedium,

195 2851 233 2910 iis
247 2851 302 2929 qui
321 2867 383 2909 non
407 2847 513 2908 valent
532 2849 618 2926 ipsos
640 2850 811 2928 continere,
832 2858 864 2910 et
880 2856 1053 2929 propterea
1078 2873 1140 2914 nu-

195 2946 273 3007 bant
287 2966 293 3006 :
311 2943 412 3006 metim
425 2942 502 3004 enim
516 2942 626 3005 nubem
639 2963 729 3026 qaam
743 2942 814 3008 uri(

236 3040 471 3103 Sanctificatum
490 3041 627 3119 astorgo
647 3041 883 3103 matrimonium
897 3041 929 3104 et
942 3050 1138 3106 revocatum

195 3134 325 3195 insuam
335 3138 519 3215 primaevam
529 3137 741 3211 sanctitatem
755 3137 852 3198 sedin
864 3142 1014 3217 corrupta
1026 3140 1137 3202 adhuc

196 3230 319 3305 natura,
336 3236 367 3292 et
384 3237 552 3312 propterea
570 3251 590 3293 a
609 3234 864 3312 eoncupiscentia
882 3251 945 3295 nou
964 3235 1134 3300 immunis.
