2442 4125
186 312 245 372 304
394 319 624 366 rrsrrrnrrouas
644 318 727 364 roms
750 318 905 365 cruorucr.

226 466 326 548 Hujus
345 465 432 528 modi
455 464 632 527 institutum
659 463 860 543 conjunctum
880 481 952 524 cum
977 463 1122 529 instituto

186 567 257 630 vitoe
280 562 456 626 communis
488 565 624 639 receptae
646 560 678 620 iu
706 559 809 637 clero,
837 559 960 639 praebet
982 561 1124 641 aliquam

185 664 290 725 ideam
314 658 505 740 primitivam
532 656 737 736 collegiorum
761 659 792 718 et
813 656 1062 718 seminariorum
1085 659 1122 720 de

186 759 299 840 quibus
312 762 424 836 postea
436 756 615 833 loquemur.
1219 826 1220 848 Χ

224 853 348 915 Praehat
361 852 458 914 etiam
470 849 682 931 significatum
696 849 919 910 nonnullorum
942 848 1123 910 officiorum
1219 857 1220 894 ³

185 956 216 1014 et
229 951 419 1030 dignitatum
439 967 495 1009 seu
518 948 744 1026 personatuum
759 963 829 1025 quae
845 946 877 1006 iu
901 947 1055 1026 capitulis
1070 947 1124 1008 de-

182 1045 431 1126 prehenduntur,
444 1043 536 1124 juxta
550 1060 642 1104 suam
656 1043 796 1105 nativam
809 1042 1058 1106 institutionem.

223 1143 381 1202 Praeterea
395 1142 427 1201 et
440 1139 630 1202 Mcuasteria
643 1138 836 1200 benedictini
853 1138 973 1200 ordinis
996 1141 1123 1204 scholas

182 1236 299 1315 passim
313 1236 492 1298 habuerunt
505 1235 536 1296 iu
561 1235 676 1315 quibus
692 1236 782 1313 pueri
802 1234 1055 1311 erudiebantur;
1074 1255 1124 1298 ve

174 1331 253 1394 'rum
274 1332 343 1394 aliae
364 1335 454 1393 erant
472 1332 589 1394 scholae
612 1333 783 1394 exteriores
805 1337 836 1396 et
858 1334 1024 1394 canonicae
1052 1352 1122 1415 quae

181 1429 331 1509 patebant
360 1427 480 1490 clericis
503 1427 736 1502 saecularibus3
767 1429 835 1490 aliae
864 1428 1036 1491 interiores
1069 1449 1123 1493 sau

182 1524 364 1587 claustrales
390 1524 423 1584 in
451 1522 565 1604 quibus
593 1523 740 1586 Monachi
758 1528 790 1586 et
809 1525 901 1604 pueri
923 1529 1121 1589 monasterio

181 1620 279 1682 oblati
299 1621 515 1684 servabantur.
532 1621 568 1681 In
582 1619 630 1680 his
645 1620 849 1683 saecularibus
871 1620 997 1682 clericis
1014 1623 1119 1686 nullus

183 1717 362 1779 eratlocus.

539 1863 574 1908 11.
586 1865 752 1910 Univerritataa

219 1996 258 2056 ll.
275 1991 338 2055 Sed
351 2010 424 2054 cum
438 1991 586 2053 barbaria
599 1989 707 2053 sacculi
721 2008 740 2052 x
755 2007 872 2073 magna
886 2009 925 2052 ax
939 1996 1034 2074 parte
1049 2013 1121 2058 vas·

177 2095 250 2155 tatae
265 2094 369 2154 essent
388 2088 568 2170 hujusmodi
596 2087 724 2165 scholae,
742 2096 813 2168 quae
835 2087 1030 2168 adJaoebaut
1053 2091 1118 2153 siva

177 2189 413 2251 cathedralibus
435 2188 501 2250 sive
521 2184 739 2263 monasteriis,
757 2187 912 2248 maximus
935 2188 1118 2251 studiorum

177 2300 272 2344 causa
284 2301 456 2345 concursus
476 2282 577 2346 lactus
592 2286 640 2345 est
657 2283 689 2345 iu
705 2300 758 2343 eas
781 2281 924 2345 civitates
943 2282 977 2343 in
1001 2283 1116 2363 quibus

175 2396 248 2440 oum
262 2380 371 2456 optimi
384 2380 538 2459 magistri,
548 2386 617 2443 tum
629 2381 771 2461 plurimae
782 2398 872 2463 aque
887 2380 1113 2445 diversissima

176 2472 313 2537 scientiae
328 2473 486 2538 florerent.

215 2570 261 2631 ΕΚ
278 2568 448 2631 humilibus
474 2570 589 2634 scholis
617 2571 843 2652 capitularibus
867 2573 899 2633 et
928 2572 1109 2635 monasticia

175 2668 237 2732 duo
258 2666 463 2731 celeberrima
490 2670 658 2749 gymnasia
677 2668 853 2732 studiorum
876 2674 947 2730 orta
965 2672 1041 2732 suut
1055 2668 1112 2731 sub

173 2766 268 2827 initiis
282 2764 517 2828 restaurationis
540 2765 697 2828 bonarum
717 2765 832 2828 artium
855 2769 887 2829 et
907 2766 1111 2829 scientiarum

173 2861 287 2925 saeculo
303 2876 357 2923 xrr.
374 2862 514 2924 Fuerunt
534 2865 641 2925 autem
663 2861 860 2925 Bononiense
883 2864 914 2924 et
933 2862 1110 2924 Parisiense

173 2958 353 3019 atheneum.
374 2955 515 3019 Alterum
533 2957 790 3038 jurisprudentiae
816 2960 884 3019 tum
906 2956 1019 3035 civilis,
1041 2963 1110 3019 tum

172 3053 343 3131 eanonicae,
364 3053 497 3116 alterum
518 3054 686 3135 theologias
708 3054 902 3115 scholasticae
917 3052 1031 3114 studiis
1047 3052 1111 3132 pri·

170 3150 264 3211 mitus
282 3150 462 3223 addietum
479 3150 570 3229 lapsu
591 3149 743 3230 temporis
766 3149 807 3211 ad
821 3149 898 3210 allas
920 3149 986 3210 sive
1008 3148 1109 3211 bona·

170 3259 240 3301 mm
254 3245 370 3305 artium
383 3244 448 3307 sive
463 3243 665 3308 scientiarum
680 3243 859 3323 disciplinas
873 3260 941 3305 sesa
952 3242 1104 3319 extendit,

170 3335 270 3398 donec
293 3342 461 3421 utrumque
484 3340 570 3403 velut
593 3342 760 3422 omnigena
785 3339 970 3402 eruditionis
998 3356 1106 3419 ampo·

168 3429 251 3487 rium
265 3430 412 3494 extiterit.
428 3438 503 3497 Haec
521 3436 649 3499 luerunt
662 3454 760 3501 causa
773 3453 870 3516 quare
885 3435 1000 3497 scholae
1016 3436 1104 3515 capi-

170 3519 287 3579 tulares
301 3523 332 3603 et
345 3527 526 3591 monastica
540 3549 612 3609 quae
627 3533 668 3593 ob
682 3534 901 3596 anteactorum
914 3529 1104 3593 saeculorum
