2442 4125
168 310 226 368 136
374 317 601 365 rrsrrrurrosns
622 317 704 365 Jnsrs
727 317 881 365 esuorrm.

167 471 246 531 tium
274 483 349 546 ergo
372 463 442 545 jam
468 461 728 524 consuetudinem
755 463 920 524 habebatis
941 464 1100 529 dimittere

168 582 281 627 uxores
305 565 441 639 vestras,
461 561 586 639 Moyses
607 557 771 621 mandavit
793 559 934 620 libellum
954 563 1097 640 repudii;

167 677 230 721 non
253 661 359 720 autem
388 657 556 738 repudium
582 656 758 733 mandevit,
787 655 844 716 sed
870 657 1025 736 permisit.
1051 660 1099 721 Ab

166 760 255 821 initio
270 761 377 820 autem
392 775 454 818 non
468 756 528 816 init
540 756 596 817 sio.

206 859 253 918 lta
274 872 384 916 eversa
399 853 631 913 Pharisaeorum
650 851 817 929 instantia,
841 853 991 917 manebat
1013 859 1098 935 quod

167 957 260 1012 antea
287 951 406 1011 dietum
429 966 447 1008 e
471 947 594 1010 Christo
623 951 705 1024 erat,
722 947 869 1009 videlieet
892 949 978 1028 quod
1006 951 1096 1030 lieet,

130 1091 135 1096 .
164 1048 254 1128 juxta
271 1045 376 1124 legem
394 1049 581 1120 mosaicam,
598 1043 638 1105 ob
658 1049 943 1123 temperamentum
962 1045 1097 1127 discipli·

166 1161 242 1203 nare
259 1140 435 1203 adhibitum
452 1160 509 1221 pro
528 1140 645 1219 indole,
671 1139 828 1217 moribus,
852 1140 971 1202 viribus
990 1146 1099 1224 populi

163 1238 295 1321 judaiei,
313 1255 375 1299 non
395 1238 585 1318 puniebatur
604 1243 756 1317 tanquam
778 1236 979 1315 adulterium,
996 1241 1023 1300 si
1038 1241 1096 1318 vir,

168 1336 296 1399 dimissa
316 1353 424 1413 uxore,
441 1336 536 1395 aliam
556 1336 698 1410 duceret,
715 1333 764 1394 vel
779 1333 846 1394 viee
866 1352 973 1408 versa;
990 1343 1098 1399 tamen

164 1430 256 1512 juxta
285 1427 541 1509 ooneeptum·rei
564 1426 777 1506 dogmaticum
805 1445 900 1505 quem
927 1428 1099 1492 insinuavit

166 1527 290 1604 Moyses
304 1528 336 1587 et
348 1525 381 1584 in
395 1523 505 1585 ordine
520 1521 561 1583 ed
576 1540 672 1602 quem
690 1520 831 1583 Christus
852 1521 1035 1602 eonjugium
1049 1543 1099 1584 re-

166 1641 280 1705 parare
294 1621 430 1698 volebat,
443 1621 470 1680 si
484 1619 565 1699 quis,
578 1619 707 1680 dimissa
720 1637 829 1696 uxore,
846 1619 940 1680 aliam
955 1621 1096 1700 dueeret,

166 1719 198 1777 in
221 1715 387 1778 maeehiam
410 1713 580 1789 laberetur,
597 1716 630 1775 et
643 1712 668 1774 si
691 1711 759 1792 quis
783 1711 945 1796 dimissam
969 1714 1099 1778 duceret

166 1802 318 1873 similiter.
331 1813 371 1872 lit
380 1827 455 1870 sane
469 1809 515 1871 ita
528 1808 737 1871 concludebat
750 1826 928 1870 sermonem
942 1809 1095 1874 Christus.

167 1912 204 1973 V.
216 1907 278 1970 Sed
292 1907 510 1967 difficultatem
523 1906 599 1968 feeit
611 1905 736 1986 phrasis
750 1906 901 1966 sermonis
914 1925 921 1966 :

206 2006 278 2068 Dico
301 2013 398 2067 autem
421 2003 595 2084 vobisquid
618 2002 791 2084 quicumque
813 2000 957 2065 dimiserit
975 2021 1097 2066 onorem

165 2123 260 2176 suum,
274 2103 334 2163 nist
346 2102 383 2163 ab
395 2100 616 2181 fornicationem
631 2109 658 2159 et
671 2097 760 2159 uliam
774 2097 902 2176 deserit,
918 2098 1098 2176 moechatum·

165 2208 194 2259 et
206 2199 260 2278 qui
271 2197 418 2257 dimissum
433 2194 563 2266 duxerit,
578 2192 750 2254 mechatur.

205 2293 297 2351 Gerte
319 2291 482 2349 contextus
503 2287 603 2348 omnis
623 2285 811 2347 anteoederrs
826 2305 889 2350 non
903 2287 1027 2351 videtur
1040 2288 1096 2351 im-

166 2387 292 2465 portare
300 2384 382 2443 hane
392 2382 624 2463 exceptionem
637 2401 694 2444 neo
705 2382 849 2444 eamdem
859 2383 977 2446 habent
987 2402 1096 2464 exeep-

166 2480 285 2541 tionem
305 2479 377 2539 loea
401 2479 552 2557 parallela
574 2480 639 2540 sive
663 2480 777 2556 Mardi,
804 2479 870 2542 sive
892 2482 1003 2558 Lueae,
1030 2481 1096 2543 sive

165 2574 254 2637 Pauli
269 2575 309 2636 ad
324 2574 511 2636 Corinthios.
528 2576 611 2656 Ergo
627 2576 767 2638 Christus
789 2581 873 2636 uerte
893 2576 993 2638 noluit
1013 2578 1098 2639 exei-

165 2690 240 2752 pere
251 2671 425 2748 amoeobia,
437 2688 528 2732 casus
543 2690 697 2734 novarum
712 2671 891 2750 nuptiarum
905 2677 977 2751 post
990 2673 1096 2735 dimis-

165 2769 286 2831 sionem
300 2768 410 2846 primee
430 2768 535 2829 uxoris
549 2767 585 2828 ob
597 2767 828 2848 fornicationem.
844 2768 980 2840 -Quid
1000 2770 1098 2849 ergo?

206 2864 423 2925 Animadverti
441 2863 535 2926 debet
554 2863 639 2944 quod
654 2864 869 2927 eontroversia
887 2866 1009 2927 Christo
1024 2884 1095 2946 pro-

165 2959 277 3042 posita,
293 2959 367 3021 lieet
381 2960 513 3021 baberet
526 2966 627 3021 totum
642 2978 734 3021 suum
749 2961 946 3039 suppositum
964 2962 1097 3043 dogma·

165 3058 274 3132 ticum,
290 3063 396 3117 tamen
411 3060 478 3118 erat
492 3055 712 3134 disciplinaris.

205 3153 356 3213 Pharisaei
375 3152 460 3215 velut
479 3171 541 3214 non
561 3153 740 3215 dubitantes
755 3154 794 3214 de
808 3153 969 3215 licitudine
989 3154 1097 3216 dimis-

166 3247 280 3321 sionis,
306 3248 488 3325 etquidem
519 3250 623 3329 quoad
651 3249 825 3327 vineulum,
856 3252 902 3327 uti
928 3251 1094 3330 putabant,

166 3339 351 3421 querebant
364 3340 403 3401 de
414 3346 516 3405 eausis
530 3344 684 3425 ejusdem.
697 3348 771 3408 Haeo
787 3348 917 3427 quaestio
929 3346 1093 3422 decausis,

167 3437 406 3517 praescindendo
438 3441 478 3501 ab
509 3442 783 3505 indissolubilitate
814 3442 951 3521 vinouli,
985 3444 1096 3507 fuisset

167 3537 297 3617 quaestio
316 3556 402 3601 mere
423 3540 642 3620 disciplinaris.
659 3544 785 3605 Poterat
804 3542 888 3605 enim
907 3542 1027 3622 eoneipi
1048 3543 1096 3605 di·
