2442 4125
175 271 235 332 298
383 283 614 330 rusrtrurrouns
635 284 717 330 rours
740 283 895 330 11111111.

178 429 283 492 nensis
298 428 424 490 decreto
427 427 564 507 ,plura
556 446 589 487 m
609 428 756 490 eamdem
774 447 841 489 rem
860 429 992 493 decreta
1014 431 1123 494 edidit

179 530 210 589 et
223 524 399 606 praesertim
407 524 527 602 statuit,

220 628 251 685 l⁰
253 625 307 685 ot
321 622 457 701 exceptis
473 621 678 730 hospitalibus
698 640 768 702 quae
783 558 842 683 sub
862 641 976 703 regum
990 628 1125 705 protoe-

179 722 264 783 tione
280 723 353 779 sunt
355 718 557 797 ,quibusque
571 717 659 797 regia
673 718 850 797 protentio
841 738 874 778 ru
883 718 993 781 limine
1005 720 1124 782 funda-

179 815 274 880 tionis
293 813 435 890 accessit,
459 817 576 874 eaetera
597 813 775 893 hospitalia,
801 815 966 894 omnaque
990 817 1122 895 generis

180 913 251 974 looa
264 911 318 990 pia
330 908 500 970 visitationi
514 908 654 988 episcopi
673 909 839 974 subessent
855 910 888 970 in
906 909 945 970 iis
970 910 1124 973 omnibus

181 1025 252 1088 quae
266 1007 322 1069 Dei
337 1007 466 1083 oultum,
482 1004 660 1066 animarum
675 1005 809 1068 salutem
823 1007 1027 1086 etpeeuliare
1038 1025 1121 1088 opus

180 1102 241 1162 looi
255 1101 300 1179 pii
312 1099 495 1179 respiciunt,
511 1099 585 1160 lieet
598 1117 618 1158 a
630 1098 719 1160 laieis
734 1100 961 1178 gubernentur.

221 1200 253 1256 2⁰
268 1198 308 1258 Ut
323 1197 426 1257 eidem
440 1196 588 1277 episeopo
601 1199 671 1256 tum
684 1195 717 1256 in
737 1196 914 1259 visitatione
936 1201 1009 1258 tum
1028 1202 1122 1260 extre

182 1310 263 1370 eam,
286 1293 372 1372 justa
395 1301 581 1355 oecurrente
602 1311 709 1371 eausa,
732 1295 812 1355 ratio
836 1294 1122 1358 administrationis
1214 1347 1215 1380 ,

183 1389 351 1470 quotannis
364 1388 566 1463 redderetur;
584 1389 710 1469 quodsi
729 1391 968 1468 consuetudine,
994 1391 1123 1470 privile-

183 1481 254 1561 gio,
284 1482 338 1541 aut
360 1477 420 1539 looi
442 1481 558 1541 statuto
579 1478 717 1540 rationes
740 1480 808 1540 aliis
830 1479 1006 1542 reddeudae
1029 1484 1117 1557 sunt,

184 1581 259 1635 tune
274 1573 369 1634 etiam
383 1571 560 1634 ordinarius
574 1590 647 1634 eum
661 1573 699 1634 iis
713 1573 927 1653 adhiberetur,
944 1574 1041 1637 aliter
1049 1575 1122 1637 red·
1214 1587 1215 1592 ’

186 1665 261 1725 ditio
275 1663 405 1724 rationis
421 1663 498 1725 nihil
512 1662 642 1724 valeret.

224 1761 256 1817 3⁰
270 1760 312 1819 Ut
330 1757 469 1835 episcopi
486 1759 616 1835 possent
634 1773 779 1820 ooereere
794 1756 1027 1836 delinquentes,
1044 1760 1121 1820 suis

185 1871 246 1934 qua
260 1851 383 1932 legibus
401 1852 518 1912 abusus
536 1851 645 1913 tollere
666 1857 697 1916 et
714 1853 833 1914 bonum
853 1872 1058 1934 promovere,
1080 1855 1123 1919 ita
1214 1851 1215 1862 ’

185 1957 291 2014 tamen
306 1951 341 2010 ut
354 1948 458 2010 sinant
471 1948 571 2010 looa
563 1966 632 2029 ipsa
651 1948 708 2029 jux
709 1952 743 2011 ta
764 1951 852 2030 leges
872 1950 1070 2014 fundationis
1092 1957 1122 2015 ot

185 2047 340 2130 legitimas
364 2045 607 2110 eonsuetudines
638 2045 894 2125 administrandi,
919 2045 1006 2109 faeta
1026 2048 1121 2113 etiam

186 2151 241 2227 pot
228 2148 341 2209 testate
356 2144 510 2225 episeopis
522 2143 664 2205 redditus
683 2146 777 2205 eertae
796 2143 911 2223 speeiei
930 2161 1117 2223 pauperum,

187 2260 266 2323 quos
286 2240 380 2302 hodie
401 2241 595 2321 ignoramus,
616 2239 714 2303 veluti
736 2240 911 2321 peregrinis
935 2244 968 2302 et
987 2239 1118 2319 leprosis

187 2338 229 2399 ad
242 2336 304 2397 alia
317 2337 370 2426 pia
384 2354 482 2415 opera
495 2335 685 2417 applicandi.
703 2338 786 2399 Sese.
802 2339 853 2414 25,
870 2354 898 2397 o.
921 2339 952 2413 8,
968 2353 1047 2397 sese.
1069 2340 1115 2413 28,

87 2437 90 2441 '
188 2450 216 2493 o.
232 2434 297 2493 eo.
1214 2434 1215 2437 ’

226 2529 322 2592 Juxta
341 2526 523 2607 hujusmodi
541 2527 669 2591 decreta
688 2527 924 2609 distinguuntur
943 2527 1039 2589 hodie
1057 2532 1113 2591 tres
1214 2538 1215 2603 ζ

188 2626 308 2707 speeies
318 2643 524 2706 personarum
534 2624 739 2705 hospitalibus
750 2624 894 2685 addiotae.
905 2625 987 2687 Sunt
997 2627 1113 2687 autem:
1214 2614 1215 2617 ’

229 2722 259 2782 1⁰
274 2719 533 2781 Administrotores
548 2717 602 2797 qui
622 2716 805 2779 oeaonomiae
821 2714 1028 2794 hospitalium
1041 2732 1116 2794 prae·

189 2823 262 2881 sunt
274 2817 340 2878 sive
355 2815 416 2894 ipsi
429 2813 533 2877 cleriei
548 2818 603 2876 aut
616 2814 698 2891 laici,
711 2812 872 2891 regulares
884 2814 938 2873 aut
953 2811 1115 2873 saeculares

189 2915 251 2976 siut
266 2909 449 2993 (dummodo
465 2913 520 2972 aut
532 2909 583 2969 lex
597 2907 800 2985 fundationis,
817 2911 872 2967 aut
886 2905 1048 2986 singulare
1063 2904 1117 2984 pri·

190 3008 339 3089 vilegium
366 3024 429 3068 non
457 3003 549 3085 obsit)
578 3003 636 3063 sub
664 3002 850 3063 auctoritate
878 3002 933 3063 aut
961 2998 1116 3078 vigilantia

190 3105 339 3186 episcopi.
358 3104 420 3166 Sed
438 3100 533 3163 variis
546 3100 580 3159 iu
601 3099 718 3179 regnis,
744 3115 802 3177 pro
822 3095 934 3175 spiritu
956 3094 1114 3174 praesentis

189 3199 392 3280 legislationis
407 3194 519 3273 civilis,
535 3195 603 3256 haee
617 3193 687 3255 looa
705 3194 779 3255 sunt
799 3190 926 3251 omnino
945 3189 1113 3251 substracta

190 3296 384 3372 evigilanda
398 3293 537 3372 episeopi
551 3294 582 3354 et
595 3290 698 3369 posita
716 3287 774 3351 suh
789 3286 951 3367 vigilantia
965 3282 1114 3349 saeoularis

191 3390 365 3466 potestatis.
438 3416 441 3421 ·

232 3486 263 3539 2⁰
280 3480 388 3541 Clerici
400 3484 465 3543 sive
485 3482 631 3563 capellani
653 3482 707 3562 qui
724 3480 839 3561 juvant
860 3482 894 3541 11
914 3476 1107 3559 spiritalibus,
1214 3494 1215 3533 1
