2442 4125
308 363 348 411 on
368 364 498 412 oeracro
518 367 600 415 runrs
623 371 777 417 canorum.
949 365 1004 425 291

22 527 182 585 mune,
204 507 318 569 cedant
344 509 492 570 monachi
511 510 710 590 monialibus,
732 513 866 577 alterurn
890 517 949 580 sibi
968 520 1007 580 de

27 625 148 668 nova
175 605 344 667 aedificcnt.
362 606 396 667 si
414 606 515 685 plura,
532 609 684 670 moniales
709 629 782 672 cum
805 615 1005 694 monialibus,

27 703 309 762 monachicum
323 701 487 763 monachis
505 703 538 762 in
559 709 706 783 separata
726 711 918 772 monasteria
932 730 1008 773 con-

31 802 292 878 gregarentnr.

88 893 177 954 Sed
205 909 278 951 cum
305 891 356 951 hic
383 907 452 952 mos
475 893 616 954 nondum
638 895 813 975 extirpatus
841 905 923 962 esset
948 919 1005 963 see-

38 988 133 1048 culo
154 1003 229 1063 aru,
246 987 360 1048 iterum
373 987 542 1050 damnatus
557 993 605 1050 est
618 991 650 1051 in
665 993 786 1070 synodo
798 1011 843 1057 v11
853 999 1004 1075 generali,

38 1083 202 1144 Nicaena
215 1099 251 1157 11,
268 1086 300 1143 et
312 1081 405 1160 plura
418 1082 763 1147 circa-familiaritatem
777 1091 1005 1154 monachorum

44 1184 85 1238 et
106 1178 305 1239 monialium
326 1177 494 1238 salubriter
514 1179 657 1241 instituta
677 1182 822 1246 ordinata
843 1191 925 1248 sunt.
949 1189 1006 1250 Ge·

46 1291 152 1333 none
175 1273 332 1335 recalato
353 1273 386 1333 in
408 1291 531 1335 canone
551 1273 706 1353 definzinne
719 1281 755 1339 el
773 1279 812 1359 (o.
836 1283 883 1358 le,
907 1301 937 1362 q.
959 1283 1002 1362 2).

45 1369 162 1430 Unde
187 1369 277 1448 lapsu
300 1369 450 1454 temporis
466 1369 533 1430 haec
556 1374 748 1436 monasteria
769 1375 907 1456 duplicia
934 1398 1005 1442 eva·

50 1468 210 1524 nue'runt
223 1465 362 1540 omnino,
379 1468 410 1524 et
424 1463 517 1524 hodie
532 1466 667 1544 amplius
682 1487 744 1529 non
759 1477 849 1544 sunt;
868 1477 899 1533 et
920 1491 1005 1534 com-

51 1560 169 1620 muni·
184 1577 328 1620 sermoue
351 1559 417 1620 sive
439 1558 508 1620 haeo
533 1560 713 1624 habitacula
733 1565 794 1624 sint
815 1567 1019 1627 monasteria·

53 1656 132 1716 sive
150 1659 324 1717 conventus
343 1655 409 1716 sive
428 1654 540 1716 domus
560 1656 726 1736 religiosae,
749 1660 926 1736 promiscuo
948 1680 1006 1724 no·

53 1753 154 1812 mine
178 1756 332 1813 vocantur
353 1751 424 1812 loca
446 1770 502 1812 seu
525 1753 660 1814 aedificia
680 1755 786 1817 omnia
808 1756 1004 1836 perfectioris

57 1848 141 1910 vitae
159 1847 366 1909 observantiae
381 1847 548 1908 destinata.

401 2011 434 2056 11.
449 2013 480 2055 lle
491 2013 540 2069 lege
554 2015 677 2059 erectionis.

108 2140 166 2201 III.
183 2139 309 2199 Nullum
323 2141 427 2218 potest
448 2138 550 2200 extrui
564 2156 682 2201 novum
703 2140 929 2201 monasterium
950 2151 1005 2203 aut

68 2238 234 2323 desertum
247 2237 402 2298 reassumi
415 2236 474 2296 nisi
495 2256 502 2296 :

110 2336 144 2392 1⁰
159 2330 262 2392 Debita
275 2330 450 2391 anctoritate
463 2349 475 2390 .·
490 2328 591 2391 Venia
605 2330 755 2409 episcopi,
771 2331 1005 2413 beneplacitum

71 2429 157 2489 sedis
171 2427 362 2505 apostolica.

111 2520 228 2598 Excipe
243 2520 413 2599 hospitium
428 2519 617 2598 recipiendis
631 2524 829 2602 regularibus
839 2527 900 2587 iter
909 2546 1005 2606 agen-

74 2616 157 2677 tibus
176 2615 376 2687 destinatum,
399 2620 455 2675 aut
473 2614 584 2676 domus
602 2616 788 2678 clericorum
806 2620 1003 2679 secularium

75 2710 246 2773 viventium
259 2710 291 2770 in
306 2711 475 2771 communi.

115 2811 146 2867 2⁰
162 2805 307 2868 Contenta
322 2806 456 2865 interesse
469 2802 646 2883 dometium,
664 2805 718 2883 qui
732 2806 804 2865 sunt
817 2803 941 2865 finitimi
954 2822 1004 2863 re-

77 2903 201 2985 gulares
225 2906 256 2964 et
276 2900 407 2983 parochi
432 2901 545 2978 quibus
572 2901 701 2983 aliquod
723 2901 945 2962 detrimentum
966 2918 1004 2959 ex

79 2999 315 3062 noro'cocnobio
331 3001 433 3078 petest
446 2998 610 3058 imminere
630 3000 679 3059 vel
700 2998 804 3077 quoad
821 2998 894 3077 jura
914 3014 1004 3075 paro·

80 3095 199 3171 chialia,
215 3094 266 3154 vel
280 3092 383 3172 quoad
406 3093 620 3173 eleemosynas
642 3110 712 3171 quae
727 3093 840 3169 parant
860 3090 1004 3168 praeexis-

80 3190 211 3281 tentibus
225 3190 390 3250 honestam
404 3188 694 3249 substentationem.
713 3189 908 3267 Quapropter
927 3186 1005 3248 solet

83 3287 415 3366 explorariconsensus
434 3286 465 3345 et
484 3284 695 3363 parochorum
715 3286 746 3343 et
767 3286 1005 3362 procuratorum

83 3384 221 3444 ordinum
235 3382 429 3461 regularium
449 3382 503 3460 qui
526 3381 609 3441 intra
631 3384 766 3459 quatuor
786 3381 931 3442 milliaria
952 3381 1004 3441 de·

82 3484 162 3559 gunt.
181 3480 245 3539 Sed
264 3479 290 3537 si
309 3478 430 3537 nullum
450 3480 498 3537 est
518 3475 692 3554 periculum
710 3476 898 3554 detrimenti,
924 3477 1005 3537 seria

39 3602 43 3609 ·
83 3572 212 3655 episcopi
232 3572 418 3634 discretione
432 3574 535 3650 potest
548 3570 599 3631 hic
619 3588 788 3633 consensus
809 3570 1001 3650 posthaberi.
