2442 4125
336 316 376 360 nn
396 314 627 361 obsecraturus
648 313 804 361 canorum.
982 303 1037 360 331

102 463 207 534 muni,
223 477 293 538 qna
307 463 387 518 nutu
401 457 558 536 Episcopi,
570 476 628 536 per
642 476 754 519 manns
768 457 973 521 diaconorum
983 478 1040 537 pro

25 601 33 608 .
102 556 304 635 singulorum
316 553 429 615 merito
443 554 493 615 vel
507 553 540 614 in
553 553 742 616 victualibus
757 555 807 616 vel
825 555 858 615 in
875 561 1042 636 numerata

101 647 517 730 pecnniaministrabantur.

145 745 280 818 Quando
293 742 410 805 saeculo
425 741 653 818 vinduotaest,
667 745 698 804 et
708 743 824 804 saeculo
837 758 869 803 xr
883 742 1039 819 restituta,

101 843 171 902 vita
185 838 360 900 communis
382 838 465 899 inter
478 837 609 899 clericos
624 836 779 900 adinstar
799 837 1038 914 monachorum,

98 935 155 1015 jus
175 933 358 1014 temporalis
386 925 588 998 emolumenti
606 933 711 994 officio
732 933 888 1012 spirituali
911 951 1041 1011 respon-

102 1032 242 1093 densita
263 1029 479 1091 modificatum
504 1036 551 1090 est
566 1034 600 1090 ut
623 1047 680 1108 pro
705 1029 808 1090 officio
824 1029 978 1108 spirituali
999 1030 1039 1090 ad

102 1126 191 1206 quod
204 1125 337 1186 clericus
354 1128 422 1186 erat
435 1124 654 1204 inauguratus,
676 1125 853 1203 acquireret
863 1124 916 1204 jus
931 1124 970 1184 ad
985 1125 1041 1186 ali-

102 1226 213 1284 menta
235 1222 276 1283 de
295 1238 406 1282 mensa
426 1220 597 1296 communi,
614 1237 651 1280 ac
675 1219 868 1281 domicilium
891 1221 930 1282 de
954 1238 1041 1282 oom-

100 1319 192 1378 muni
205 1317 389 1391 diversorio,
405 1317 445 1377 ad
459 1319 563 1377 vestes
578 1319 610 1376 et
624 1319 739 1377 catera
752 1317 858 1378 omnia
873 1315 1040 1396 quibusin-

101 1413 233 1494 digebat
246 1413 286 1473 de
300 1412 459 1474 communi
474 1411 757 1475 administratione.

142 1509 274 1580 Quando
288 1527 309 1569 a
322 1508 437 1571 saeculo
452 1525 496 1584 vr,
513 1509 554 1569 ad
568 1525 600 1569 ru
616 1515 648 1569 et
661 1527 681 1570 a
693 1525 737 1583 xr,
754 1509 805 1569 vel
819 1523 889 1583 x111,
902 1509 1040 1570 obtinuit

100 1605 269 1684 disciplina
292 1622 355 1683 qua
375 1604 495 1683 praedia
509 1605 660 1666 nonnulla
680 1603 831 1665 distracta
845 1620 865 1662 a
878 1606 1036 1664 communi

101 1700 374 1763 administratione
395 1700 664 1781 conjungerentur
677 1697 804 1759 cuidam
828 1698 1060 1762 determinato

101 1797 207 1861 officio
221 1813 322 1873 sacro,
338 1795 384 1857 ita
397 1798 432 1856 ut
445 1794 501 1875 qui
514 1795 554 1856 ad
568 1794 746 1858 functiones
758 1794 841 1856 illius
856 1793 950 1856 officii
965 1814 1037 1874 per-

100 1890 270 1954 solvendas
284 1895 367 1953 esset
387 1891 559 1968 institutus,
575 1908 613 1953 eo
628 1891 696 1970 ipso
721 1891 899 1971 acquireret
909 1891 961 1973 jus
975 1893 1036 1953 sin-

100 1987 220 2071 gularis
233 1985 546 2063 administrationis,
571 1990 603 2047 et
628 1984 824 2048 ususfructus
852 1987 1035 2048 eorumdem

99 2086 303 2165 praediorum,
318 2090 395 2145 tunc
415 2083 467 2163 jus
487 2082 565 2143 illud
590 2082 631 2143 ad
651 2083 841 2162 temporales
864 2089 1035 2162 proventus

99 2179 141 2239 de
154 2177 278 2255 peculio
292 2175 511 2240 ecclesiastico,
526 2174 773 2237 determinatum
797 2179 844 2239 ast
866 2176 907 2238 ad
932 2181 1034 2239 certos

99 2270 255 2346 redditus,
270 2268 391 2329 tructus
414 2271 446 2329 et
468 2267 682 2329 emolumenta
703 2286 741 2327 ax
763 2267 892 2347 praediis
910 2270 1034 2333 rusticis

99 2368 151 2428 vel
166 2365 306 2442 urbanis,
322 2363 373 2425 vel
396 2382 435 2424 ex
449 2364 544 2425 rebus
564 2382 635 2444 quae
657 2364 872 2427 immobilibus
895 2368 1035 2449 aequipa·

98 2468 222 2523 rantur.
239 2459 425 2540 Hujusmodi
440 2461 546 2521 autem
565 2460 654 2521 fundi
671 2461 800 2523 stabiles
817 2462 1034 2525 determinatis

99 2557 212 2618 officiis
236 2556 334 2617 saeris
361 2555 475 2617 adnexi
502 2556 579 2618 dicti
605 2566 679 2619 sunt
704 2558 831 2618 illorum
859 2558 1034 2618 officiorum

96 2650 267 2733 praebendo,
282 2652 434 2713 translato
449 2652 602 2713 vocabulo
614 2671 634 2714 a
647 2652 781 2732 profana
793 2653 826 2712 in
841 2669 964 2713 sacram
977 2652 1033 2711 mi-

97 2748 210 2809 litiam.
241 2747 416 2809 Praebenda
443 2748 527 2809 enim
563 2744 649 2827 apud
677 2750 836 2810 Romanos
868 2748 1034 2810 dicebatur

99 2843 185 2922 quod
209 2843 360 2905 exercitui
382 2844 587 2924 praebendum
609 2845 857 2922 concedebatur,
881 2844 946 2906 sive
972 2846 1029 2921 sal,

97 2937 186 3015 ligna
199 2940 375 3016 caeteraque
390 2938 431 3000 ad
445 2956 604 3000 annonam
619 2939 817 3018 pertinentia,
830 2958 900 3019 quae
915 2938 1033 3019 magis-

99 3032 244 3109 tratibus,
268 3033 400 3113 legatis,
430 3035 581 3097 militibus
599 3036 726 3115 hospitii
753 3035 855 3116 gratia
882 3035 1032 3096 demere

98 3130 351 3209 suppeditantur.

138 3224 207 3283 Non
226 3222 318 3285 aliter
338 3223 442 3285 officia
459 3224 529 3303 ipsa
542 3242 633 3285 sacra
647 3224 761 3304 quibus
775 3224 846 3287 talis
860 3223 1032 3304 praebenda

99 3322 182 3381 esset
201 3336 335 3397 annexa,
359 3325 414 3383 sut
434 3320 630 3382 ususfructus
652 3320 764 3381 horum
779 3321 970 3399 praediorum
985 3320 1031 3380 oi-

96 3415 168 3490 licio
178 3434 268 3477 sacro
284 3417 437 3494 adnexus,
452 3417 605 3479 translato
621 3416 774 3478 vocabulo
796 3436 816 3478 a
833 3417 967 3497 profana
990 3418 1030 3477 ad

98 3511 342 3576 ecclesiasticam
371 3513 642 3594 significationem,
669 3512 850 3593 Beneficium
872 3514 934 3577 dici
957 3530 1030 3574 oon·
