2442 4125
311 328 352 375 os
372 328 501 376 omrem
520 329 603 376 sonis
626 330 792 398 carrorum²
958 323 1016 382 285

78 473 186 536 offloio
195 473 326 551 paoiiioe
335 471 521 554 iungeretur
529 475 605 556 quin
616 476 658 537 ab
667 476 766 540 altero
778 389 1017 558 prodidimus

78 588 157 630 oum
167 569 355 632 detrimento
370 570 474 632 nultus
487 571 661 634 christiani.

120 660 202 722 Huio
214 661 262 720 rei
275 661 469 740 prospiciens
482 666 572 724 vetus
590 665 739 726 Eoolasiae
759 664 924 746 disciplina
943 688 1015 747 pro·

78 755 187 816 hibuit
217 756 346 817 omnino
373 757 587 820 ordinationes
614 759 795 834 absolutas,
826 766 858 824 et
889 764 1016 826 admisit

77 855 205 916 tantum
218 854 252 914 in
266 853 377 916 ordine
390 854 432 916 ad
446 873 561 917 munus
573 857 702 937 aliquod
718 858 961 924 determinatum
983 863 1014 922 in

77 948 190 1034 aliqua
203 949 344 1010 Euolesia
357 950 566 1014 determinata
578 954 809 1033 peragendum,
835 975 897 1035 quo
919 957 1016 1020 fiebat

77 1049 114 1107 ut
137 1044 302 1106 ordinatus
326 1046 408 1107 hano
432 1051 612 1110 concretam
636 1049 683 1109 sui
706 1049 801 1111 officii
826 1051 1015 1114 determina-

76 1143 201 1203 tionem
213 1142 281 1220 ipso
296 1159 395 1204 saorae
416 1143 623 1205 ordinationis
647 1147 718 1206 aotu
737 1147 902 1225 reciperet
920 1149 1015 1212 Vide-

76 1238 154 1299 lioet
177 1255 240 1298 non
263 1238 471 1300 ordinabatur
492 1239 563 1318 quis
585 1239 770 1320 Episcopus,
795 1247 851 1305 aut
872 1245 1015 1324 praesby-

75 1337 126 1395 ter
128 1375 193 1392 .....
219 1336 275 1392 aut
294 1331 440 1394 ostiarius
459 1334 491 1393 in
516 1351 646 1412 genere,
671 1335 727 1396 sed
748 1336 858 1398 ordine
873 1339 956 1402 dioto
972 1340 1012 1400 ad

76 1425 321 1488 determinatam
333 1427 504 1488 boolesiam
513 1427 547 1489 in
561 1447 688 1509 quasuo
701 1431 804 1494 offioio
814 1432 1011 1512 fungeretur.

75 1527 179 1588 Erant
191 1525 275 1586 enim
289 1526 498 1589 determinata
516 1523 620 1590 officia
639 1547 731 1591 saora
748 1531 879 1608 singuiis
896 1531 1014 1592 ordini-

75 1621 136 1682 bus
161 1620 384 1700 respondentia
406 1639 465 1701 pro
485 1624 583 1684 saeris
605 1624 819 1686 funotionibus
835 1625 867 1686 in
881 1625 1013 1705 singulis

75 1716 227 1778 boolesiis
240 1716 422 1797 peragenda
435 1718 577 1780 instituta
589 1723 638 1781 tot
651 1725 783 1782 numero
794 1723 871 1800 quot
880 1720 1013 1783 necessi-

76 1814 133 1874 tati
149 1816 183 1874 et
197 1813 303 1874 deoori
318 1813 420 1874 oultus
434 1813 531 1875 divini
544 1814 736 1878 sufficerent.

115 1908 251 1973 Vnoatio
277 1908 410 1989 alicujus
433 1927 472 1970 er
494 1909 544 1971 his
565 1910 676 1972 offioiis
700 1911 915 1974 determinatis
943 1916 1013 1974 erat

76 2004 170 2081 ratio,
186 2021 242 2067 seu
257 2003 361 2065 titulus
374 2009 504 2085 propter
514 2023 608 2087 quem
618 2025 719 2069 novus
729 2006 863 2069 olerious
873 2007 1012 2069 debebat

77 2103 235 2176 ordinari;
253 2105 285 2163 et
298 2101 412 2163 eodem
431 2108 503 2165 aotu
517 2122 580 2182 quo
598 2103 644 2163 ilii
665 2121 722 2182 per
742 2121 865 2165 sauram
885 2104 1012 2165 ordina-

76 2198 197 2260 tionem
223 2216 315 2259 saora
339 2200 480 2277 potestas
512 2199 755 2276 conferebatur,
791 2200 1013 2262 conferebatur

77 2293 174 2354 etiam
188 2292 325 2354 officium
339 2294 372 2353 in
385 2298 533 2357 oonoreto
548 2294 802 2372 determinatum,
818 2299 850 2358 et
864 2298 1012 2375 potestati

77 2387 198 2449 ordinis
225 2389 415 2451 conveniens
438 2407 502 2468 quo
521 2394 710 2470 potestatem
732 2393 818 2453 illam
839 2399 1008 2456 ereroeret.

76 2485 154 2546 Inde
169 2488 242 2547 ante
256 2486 289 2547 S.
305 2484 543 2547 ordinationem
556 2487 639 2549 tituli
653 2488 903 2551 ordinandorum
912 2491 953 2552 ab
963 2508 1011 2551 ar-

78 2581 264 2659 ohidiaoono
278 2580 437 2643 debebant
454 2581 634 2643 annuntiari
651 2584 690 2662 (o.
707 2600 730 2659 1,
748 2585 778 2645 d.
795 2584 860 2662 70);
881 2591 913 2645 et
927 2586 1011 2645 ordi·

78 2678 141 2737 nati
157 2696 177 2737 a
189 2676 279 2739 titulo
293 2678 343 2737 sui
356 2676 476 2738 ordinis
490 2676 677 2739 dicebantur
689 2677 773 2737 illius
794 2677 1010 2739 determinatae

78 2770 226 2832 boolesiae
240 2770 431 2832 cathedralis
445 2770 597 2849 episcopi,
614 2773 669 2831 aut
682 2768 835 2845 oanonioi,
859 2774 914 2829 aut
927 2769 1009 2828 illius

77 2866 224 2929 boolesiae
239 2866 424 2945 presbytori
427 2910 517 2929 .......
535 2865 664 2943 ostiarii,
681 2883 754 2926 oum
773 2865 868 2927 etium
883 2862 1009 2925 ordines

78 2960 215 3021 minores
236 2979 346 3023 seeum
368 2961 486 3024 ferrent
508 2960 613 3022 offioia
636 2962 789 3023 effectiva.
807 2963 881 3023 Haeo
894 2960 1010 3021 indivi-

79 3053 184 3118 duatio
199 3055 294 3117 nffioii
307 3057 387 3119 seori
403 3075 422 3117 a
441 3057 564 3119 oieriois
589 3056 759 3135 praestandi
778 3056 1010 3119 determinabat

79 3164 167 3212 saera
189 3150 292 3213 offloia
311 3151 344 3213 in
365 3157 522 3223 concreto.
547 3154 587 3215 nt
606 3171 679 3215 oum
697 3153 764 3214 haeo
788 3151 1007 3213 determinatio

78 3244 166 3308 fieret
189 3247 301 3308 eodem
326 3251 358 3311 S.
385 3248 590 3311 ordinationis
612 3254 704 3324 autu,
727 3248 772 3311 ita
791 3252 825 3309 ut
845 3247 923 3309 ordo
945 3266 1007 3309 non

79 3343 293 3420 oonaiperetur
307 3344 366 3404 nisi
380 3345 413 3406 iu
428 3345 538 3406 ordine
552 3346 592 3405 ad
607 3345 851 3406 determinatum
869 3344 947 3406 illud
962 3345 1009 3408 os-

78 3434 193 3515 finium,
221 3440 521 3519 apprehendebatur
538 3442 643 3520 ipsum
666 3439 804 3501 oftioium
826 3442 906 3503 siout
929 3442 1006 3503 ordo

80 3537 259 3614 perpetuus,
274 3537 320 3598 ita
334 3539 370 3599 ut
389 3554 452 3597 uon
473 3537 532 3598 nisi
551 3537 757 3616 suspensione
777 3543 834 3599 aut
853 3537 1007 3619 degrada-
