2442 4125
209 358 229 416 6
417 373 648 419 rusrrrurronas
667 374 750 419 ruris
771 372 927 419 cssosror.

208 536 282 594 sum,
299 536 389 598 usque
402 516 443 577 od
454 517 726 579 consummationem
739 517 837 578 seculi.
854 520 909 580 list
927 537 1003 598 ergo
1022 519 1139 598 pradi-

208 616 290 677 catio
312 616 401 677 verbi
429 615 484 675 Dei
513 616 627 676 divinae
655 615 874 690 institutionis,
904 618 936 676 et
963 621 1136 695 perpetua,

208 712 437 791 singularisque
456 711 484 773 ei
503 711 680 772 assistentia
698 711 852 789 promissa
875 716 923 773 est
944 731 983 773 ne
1004 717 1135 776 erraret.

248 811 284 871 ll.
300 812 374 871 Haec
389 812 495 871 autem
513 826 563 869 res
582 811 767 871 conservata
786 827 912 887 semper
931 810 963 870 in
983 811 1139 874 catholica

207 906 346 966 Ecclesia
360 906 465 984 plures
476 904 602 967 admisit
616 906 739 983 species
748 909 780 967 et
788 906 899 968 modos
909 906 1135 986 disciplinam,

204 1000 295 1080 juxta
310 1004 405 1063 finem
424 1001 592 1081 specialem
614 1002 664 1062 cui
683 1002 802 1065 directa
820 1005 877 1079 est,
893 1003 944 1064 vel
964 1004 1138 1064 secundum

206 1098 335 1158 modum
350 1104 404 1159 ant
418 1102 543 1176 tempus
557 1116 619 1178 quo
634 1098 805 1177 perficitur.

247 1195 377 1257 llatione
392 1194 460 1273 finis
473 1194 614 1274 procimi.
632 1196 689 1255 Hic
702 1195 773 1255 finis
787 1196 838 1255 vel
852 1196 1016 1257 conversio
1030 1197 1138 1259 estvel

206 1290 328 1352 cultura
342 1292 494 1370 specialis.
514 1291 546 1353 Si
561 1294 609 1352 est
623 1291 694 1352 finis
713 1291 844 1369 simplex
865 1291 933 1352 haec
954 1292 1086 1369 cultura,
1103 1297 1139 1355 ut

205 1406 318 1466 nempe
342 1390 505 1450 audientes
528 1390 560 1448 in
583 1388 635 1450 via
656 1390 731 1450 fidei
755 1393 787 1451 et
813 1390 985 1451 sanctitatis
1008 1410 1138 1472 progre-

206 1482 341 1559 diantur,
357 1488 432 1543 tunc
447 1482 561 1543 dicitur
573 1482 625 1559 pio
637 1482 790 1543 institutio.
808 1482 840 1544 Si
855 1501 929 1543 vero
945 1483 1016 1544 finis
1030 1484 1138 1562 proxi-

205 1596 275 1638 mus
300 1581 347 1641 est
370 1577 545 1653 conversio,
569 1581 645 1640 tnnc
669 1576 784 1639 dicitur
806 1578 912 1638 missio.
933 1580 1007 1638 llaeo
1030 1584 1136 1639 autem

205 1676 308 1749 potest
322 1688 389 1731 esse
403 1671 454 1731 vel
467 1670 596 1749 propria
609 1670 661 1730 vel
675 1670 857 1750 impropria.
874 1670 990 1732 Peioris
1005 1671 1074 1732 linis
1089 1676 1138 1733 est

205 1767 366 1827 conversio
382 1766 576 1827 audientium
592 1766 631 1825 de
646 1766 830 1827 infidelitate
841 1766 881 1826 ad
891 1767 1004 1841 fldem;
1020 1768 1138 1846 impro-

204 1862 273 1940 pria
294 1863 351 1938 est,
375 1879 446 1921 cum
466 1861 537 1921 finis
559 1860 598 1922 sit
618 1861 779 1921 conversio
799 1861 993 1923 audientium
1013 1881 1033 1922 a
1051 1865 1136 1924 statu

203 1958 323 2037 peccati
338 1958 379 2019 ad
394 1960 508 2019 statum
523 1957 654 2036 gratiae;
677 1975 738 2036 qno
757 1974 851 2017 sensu
870 1955 972 2045 solent
989 1958 1085 2018 indici
1101 1958 1135 2017 in

203 2051 388 2115 diaecesibus
419 2053 563 2116 catholici
588 2052 675 2114 orbis
701 2050 866 2127 missiones,
892 2071 989 2131 quum
1009 2070 1135 2114 morum
1211 2098 1212 2125 ,

203 2148 444 2212 christianorum
458 2150 640 2211 reformatio
655 2148 864 2209 desideratur.

243 2245 375 2305 Ratione
389 2245 478 2319 modi,
496 2245 549 2324 qui
572 2263 641 2304 esse
661 2247 765 2322 potest
784 2243 835 2304 vel
854 2244 1065 2322 panegyricus
1083 2245 1135 2306 rel

204 2337 424 2399 cateehoticns.
436 2337 638 2418 Poocpyricm
651 2339 678 2399 si
691 2339 786 2400 modo
801 2339 937 2400 oratorio
948 2340 1137 2402 evolvantur

196 2430 312 2492 'landes
336 2432 448 2493 Christi
470 2435 502 2493 et
523 2434 728 2507 Sanctorum
758 2431 963 2510 cotecicticus,
990 2434 1017 2494 si
1042 2434 1137 2494 iami-

203 2522 271 2582 liari
291 2525 435 2585 sermone
454 2523 657 2587 instituantur
675 2524 839 2588 audientes
857 2525 889 2586 in
907 2526 969 2587 fide
989 2530 1021 2589 at
1038 2527 1137 2589 mori-
1210 2568 1211 2607 ᾗ

202 2615 273 2676 bus.
872 2636 875 2641 ·
1210 2618 1211 2635 ¹

242 2712 374 2774 Ratione
398 2714 543 2792 temporis.
572 2714 668 2775 Aliud
690 2717 739 2776 est
763 2720 889 2792 tempus
916 2713 1136 2775 extraordina-

203 2808 296 2883 rium,
308 2808 394 2868 aliud
409 2808 602 2869 ordinarium
617 2826 679 2888 quo
694 2808 933 2888 praedicationes
946 2809 979 2869 in
992 2809 1136 2870 Ecclesia

201 2902 281 2962 liunt
298 2922 304 2962 :
322 2902 411 2964 Unde
426 2903 608 2982 praedicatio
624 2903 871 2965 extraordinaria
889 2904 940 2964 vel
960 2903 1134 2966 ordinaria.

201 2993 338 3072 Tempus
353 2994 635 3055 extraordinarium
651 3013 708 3072 pro
726 2996 950 3075 praedicatione
969 3002 1016 3057 est
1034 2996 1136 3057 alicn-

198 3085 250 3166 jus
265 3087 432 3167 singularis
448 3089 518 3151 festi
532 3107 677 3151 recursus
691 3091 742 3151 vel
755 3091 887 3170 alicujus
902 3091 1034 3170 proximi
1048 3092 1137 3170 peri-

202 3179 263 3240 culi
287 3183 455 3260 spiritualis
480 3184 529 3245 vel
557 3185 738 3263 temporalis
766 3185 899 3246 occasio.
930 3185 1135 3247 Ordinarium
1209 3174 1210 3223 l

201 3278 324 3354 tempus
338 3280 411 3338 sunt
425 3278 493 3340 iesti
509 3278 575 3340 dies
590 3279 739 3340 ordinarii
755 3298 811 3340 seu
831 3279 988 3355 dominici,
1004 3283 1135 3359 tempus

201 3372 282 3432 sacri
302 3373 455 3434 adventus
477 3379 508 3437 et
530 3374 790 3454 quadragesimae.
808 3375 897 3436 Unde
913 3375 961 3436 hae
976 3374 1136 3452 proedica·
1209 3410 1210 3415 κ

201 3466 301 3529 tiones
315 3470 447 3530 audiunt
460 3470 510 3530 vel
524 3470 757 3549 explanationes
772 3469 938 3549 evangelii,
952 3469 1002 3531 vel
1016 3469 1135 3547 praedi·

201 3564 338 3626 cationes
348 3565 647 3652 quadragesimales,
663 3568 723 3626 etc.
