2442 4125
312 371 350 418 nn
371 373 501 420 omncro
520 373 604 420 sunu
626 373 782 421 cuuonrrr.
953 365 1012 425 203

59 523 228 582 testantes
243 535 316 579 oum
329 517 491 580 catholicis
505 517 666 580 commixti
678 518 798 592 vivunt,
819 535 878 579 nec
896 520 1012 599 conjux

60 631 225 675 aversum
239 613 335 673 hahet
349 612 489 672 animum
503 629 522 672 e
536 612 692 672 catholica
711 611 874 690 religione,
890 617 923 674 et
935 613 1012 693 legi·

60 709 136 768 bus
157 706 318 785 provisum
338 705 389 781 sit,
413 723 453 766 ue
477 705 570 766 elicui
593 724 690 767 cauae
711 705 873 786 religionis
895 707 1012 787 injurie

59 802 247 877 inferatur,
273 806 304 862 et
318 800 481 863 catholica
496 801 685 864 educationi
705 802 874 864 nasciturae
892 803 1012 865 sobolis

59 897 290 978 provideatur.

114 993 257 1056 Tandem
271 993 374 1072 potius
388 992 615 1054 consuetudine
628 1009 725 1072 quem
734 993 807 1073 jure
821 994 939 1073 scripto
953 996 1010 1056 ob·

61 1091 179 1166 tinuit,
197 1091 232 1150 ut
245 1089 347 1151 solum
360 1090 561 1151 matrimonia
574 1089 715 1150 fidelium
734 1109 807 1151 oum
825 1109 888 1152 non
908 1092 1011 1171 bapti-

62 1186 153 1246 zeus
166 1190 318 1265 tanquam
332 1184 420 1246 irrita
435 1185 631 1246 haberentur
643 1203 651 1258 3
668 1201 732 1245 non
745 1186 791 1246 sio
809 1187 1010 1248 matrimonia

60 1281 304 1359 baptizatorum
319 1279 460 1356 interae,
476 1279 533 1341 sed
547 1283 672 1342 tuntum
685 1279 803 1357 illicite,
824 1281 850 1341 si
863 1283 1009 1344 florente

62 1375 228 1438 catholico
244 1393 316 1436 oum
330 1375 489 1453 haretioo,
506 1393 569 1440 non
583 1375 683 1455 petita
696 1380 728 1438 et
741 1383 871 1458 acceptu
884 1379 1009 1458 dispeu-

62 1472 206 1534 satione.

62 1605 96 1650 G.
109 1604 145 1648 De
156 1604 276 1650 coricium
286 1605 309 1648 in
321 1603 401 1648 crimen
413 1603 522 1659 (adulterii
534 1603 568 1648 rol
579 1603 703 1660 conjnddil)
714 1616 764 1649 oum
775 1603 880 1648 relatum
891 1605 919 1648 ed
930 1615 1008 1648 norom

318 1673 477 1716 matrimonium
488 1673 546 1717 inter
556 1685 580 1718 re
591 1673 776 1719 contrahendum.

111 1757 251 1818 XXXVI.
267 1756 285 1816 J
288 1773 344 1816 uro
357 1755 468 1832 veteri,
480 1759 548 1816 tum
557 1774 689 1820 rumano
699 1760 768 1819 tum
777 1756 1004 1835 ecclesiastico,

63 1853 275 1915 interdictum
289 1851 414 1913 videtur
427 1851 581 1928 absolute,
598 1871 638 1914 ne
657 1853 740 1914 inter
760 1853 921 1914 aduluroc
939 1871 1009 1914 me-

65 1950 255 2011 trimonium
269 1952 375 2028 posset
389 1949 578 2022 consistere3
596 1949 652 2010 sed
667 1966 749 2011 novo
770 1948 855 2027 jure,
877 1952 944 2010 tum
968 1967 1007 2010 ex

67 2048 211 2113 Gratiani
234 2046 492 2129 interpretatione
520 2045 615 2126 (inq.
638 2048 667 2122 l,
694 2064 762 2107 oen.
787 2045 851 2124 31),
875 2049 944 2107 tum
965 2046 1006 2107 ub

66 2146 253 2207 Innocentio
267 2147 308 2206 ΙΙΙ
324 2144 367 2223 (in
383 2162 452 2222 cap.
469 2158 514 2205 v1.
531 2144 570 2204 de
586 2160 623 2205 eo
638 2142 691 2221 qui
702 2141 814 2219 duxit),
826 2139 1005 2220 hujusmodi

66 2240 331 2319 impedimentum
345 2240 377 2300 in
390 2242 543 2319 quantum
553 2238 673 2300 dirimit
682 2238 929 2314 matrimonium,
941 2257 1005 2299 res-

65 2338 198 2399 trictum
213 2340 260 2397 est
277 2338 319 2397 ed
342 2354 434 2397 casus
453 2337 486 2396 in
508 2336 622 2415 quihus
643 2335 736 2411 adsit,
759 2335 809 2397 vel
829 2336 909 2396 fides
930 2336 1005 2399 data

66 2436 152 2495 inter
166 2434 325 2495 adulteros
340 2433 380 2493 de
398 2433 503 2495 futuro
518 2433 731 2511 matrimonio,
754 2433 805 2494 vel
824 2434 865 2495 ab
884 2434 1004 2496 adulte·

67 2530 123 2604 ris,
140 2528 264 2589 vivente
280 2526 414 2607 conjuge
427 2526 605 2603 innocente,
627 2531 814 2590 attentatum
834 2529 876 2589 sit
895 2529 1004 2589 metri-

68 2624 230 2701 monium,
253 2624 304 2685 vel
327 2622 481 2684 adulterio
506 2622 739 2703 conjungantur
762 2623 952 2701 conspiratio
972 2633 1005 2682 et

68 2719 260 2780 machinatio
274 2720 366 2781 unius
381 2719 491 2781 saltem
505 2718 640 2779 adul-teri
654 2719 687 2779 in
705 2720 841 2779 mortem
858 2717 1003 2795 conjugis

67 2818 255 2880 innocentia.
382 2805 385 2809 ⁵

108 2913 166 2973 Hie
180 2916 256 2975 uota
268 2912 458 2974 adulterium
472 2917 503 2975 1ο
514 2912 631 2974 debere
642 2918 725 2973 esset
739 2930 851 2987 ocum,
867 2926 932 2971 non
947 2927 1002 2987 pu-

68 3010 201 3072 tativum
217 3008 373 3090 (videlicet
385 3012 426 3072 sit
444 3011 584 3073 validum
594 3010 840 3083 matrimonium,
853 3026 915 3087 quo
924 3006 1002 3085 liga-

68 3111 117 3169 tus
132 3112 180 3170 est
194 3108 274 3169 alter
288 3126 326 3169 ex
339 3107 490 3169 adulteris
505 3126 513 3181 ς
532 3125 600 3187 cap.
619 3124 655 3168 11.
673 3107 713 3167 de
727 3123 764 3166 eo
780 3105 883 3185 quid);
901 3110 932 3165 2⁰
947 3105 1004 3164 de-

67 3205 142 3265 bere
170 3222 239 3266 esse
265 3203 390 3283 formale
419 3208 575 3284 utrinque,
604 3202 753 3265 videlieet
786 3219 859 3262 oum
893 3205 1003 3264 mutue

67 3300 198 3361 seientia
210 3299 402 3361 matrimonii
415 3318 478 3379 quo
493 3300 643 3361 alteruter
657 3318 695 3359 ex
708 3298 859 3359 adulteris
878 3298 1003 3379 ohliga-

66 3398 114 3454 tus
129 3400 178 3455 est
193 3394 233 3473 (c.
250 3410 272 3471 1,
290 3394 334 3473 7.)
347 3414 354 3469 ;
372 3397 404 3456 3⁰
420 3396 535 3457 dehere
550 3412 619 3457 esse
633 3402 787 3455 cormeum
807 3397 839 3455 et
853 3412 1002 3457 eonsum-

68 3490 300 3568 matum(e.1v,
316 3494 346 3553 5.
364 3493 435 3553 eod.
453 3489 526 3569 tit),
543 3491 680 3551 ettldem
690 3490 798 3552 datam
809 3491 1003 3552 matrimonii

66 3587 102 3647 de
117 3587 237 3663 futuro,
253 3588 304 3649 vel
318 3591 506 3651 attentatum
519 3587 710 3651 matrimonii
725 3587 765 3648 de
780 3586 938 3665 praesenti.
