2442 4125
197 330 237 390 to
405 338 635 389 msrrrormnns
656 340 739 386 ιιιιιιι
760 339 917 387 nonomen

198 490 274 552 riter
293 490 456 568 receptum
479 491 537 563 est,
562 491 597 547 ιιι
618 486 716 548 tradit
738 487 948 549 catechismus
971 485 1074 563 uria,
1101 491 1135 549 ut

197 583 257 668 illis
271 586 343 645 ante
365 582 563 661 septennium
584 600 646 641 non
668 581 859 657 conferatur,
882 581 956 642 licet
976 598 1039 641 non
1060 599 1135 659 pro

198 677 344 744 hibentur
371 677 538 756 quominus
562 676 669 756 aliqua
691 682 823 756 urgente
843 674 930 755 justa
953 693 1050 737 causa
1073 676 1137 738 illis

198 773 295 854 possit
317 771 531 834 antedictam
555 763 681 833 atatem
703 790 761 851 pro
785 772 925 850 episcopi
948 771 1081 833 consilio
1107 777 1139 834 et

197 869 363 949 prudentia
391 867 622 941 administrari3
653 868 737 947 quod
764 867 962 948 potissimum
996 866 1138 929 instante
1213 867 1214 884 ²

197 972 298 1026 morte
313 963 494 1040 attenditur,
518 983 557 1025 ne
579 969 749 1044 augmento
770 964 881 1044 gratiae
903 967 935 1026 et
954 963 1065 1043 gloriae
1089 964 1138 1024 in·
1213 955 1214 1008 ι

197 1060 299 1120 fantes
318 1058 553 1121 defraudentur.
578 1061 652 1120 Haeo
674 1060 816 1139 exceptio
836 1060 955 1139 regula
974 1060 1138 1139 generalis
1213 1081 1214 1138 ss

197 1154 382 1233 supponitur
415 1155 456 1215 ab
490 1156 557 1235 ipso
585 1156 757 1233 pontificali
784 1174 935 1232 romano,
972 1158 1007 1217 ut
1033 1156 1139 1219 tradit
1213 1147 1214 1164 ¹

196 1247 313 1309 Bencd.
332 1250 412 1325 XIV,
428 1248 462 1309 de
478 1250 606 1330 Synod„
625 1268 680 1327 vn,
697 1268 728 1312 x.
1213 1295 1214 1334 ι

236 1345 278 1403 At
295 1343 435 1403 Ecclesia
456 1345 615 1407 orientalis
636 1346 694 1407 fuit
714 1349 842 1410 vetustae
864 1346 1037 1425 disciplina
1058 1347 1138 1410 reti·
1213 1367 1214 1370 ’

196 1438 390 1516 nentissime‚
412 1443 443 1502 et
464 1440 646 1505 immediate
669 1448 741 1520 post
763 1444 921 1522 baptisma
943 1442 1003 1504 hoo
1026 1460 1138 1503 saera·
1213 1505 1214 1520 2

196 1540 339 1597 mentum
354 1535 484 1598 confert.
506 1539 585 1598 Nam
603 1556 662 1599 nec
681 1539 765 1601 valet
784 1558 843 1619 pro
863 1539 907 1600 eis
926 1537 1030 1616 primo
1049 1539 1138 1601 ratio
1213 1527 1214 1596 ἶ

196 1632 343 1708 adducta,
360 1632 497 1711 quando,
514 1638 549 1695 ut
562 1634 708 1712 diximus,
726 1636 811 1715 apud
830 1653 884 1696 eos
904 1634 945 1695 eb
963 1635 1139 1696 immemo-

195 1724 290 1788 rabili
306 1726 406 1789 evasit
419 1726 451 1787 in
466 1730 654 1806 potestatem
671 1731 928 1811 presbyterorum
947 1734 983 1792 ιιι
1001 1729 1064 1790 hoc
1085 1749 1138 1792 sn·

195 1825 393 1897 crementum
407 1822 581 1885 conferant.
598 1828 666 1888 Non
681 1828 830 1904 secunda,
848 1827 933 1907 quio,
949 1826 1138 1891 utadvertit

195 1920 229 1981 Ρ.
247 1920 365 1982 Drouet
385 1919 497 1982 allatus
518 1938 538 1981 a
558 1922 675 1984 Bened.
699 1925 768 1987 XIV
786 1923 878 2000 ibid,
901 1922 1002 1983 Latini
1021 1921 1136 1986 decori

193 2016 295 2098 magis
317 2020 348 2080 et
368 2017 511 2099 dignitati
529 2017 718 2080 sacrementi
737 2022 916 2099 respectum
936 2017 1134 2099 hahuerunt,

194 2114 293 2176 Graeci
308 2133 383 2178 vero
399 2115 440 2178 ad
455 2115 590 2196 subjecti
604 2114 771 2177 utilitatem
790 2117 904 2197 magis,
926 2119 962 2179 ut
981 2115 1138 2181 videlicet

196 2206 349 2286 quidquid
370 2208 479 2286 gratioe
498 2212 657 2290 poterunt,
678 2209 853 2290 promptius
871 2208 1038 2292 neophytis
1054 2227 1139 2290 pro·

194 2304 351 2363 curarent.

498 2455 545 2504 111.
558 2460 591 2506 De
602 2462 673 2507 forme
683 2468 707 2509 et
720 2464 818 2510 motoria

236 2583 286 2649 Vl.
303 2584 471 2665 Disputent
483 2587 623 2668 theologi
643 2589 683 2650 de
704 2589 837 2651 materia
856 2595 888 2651 et
907 2583 1010 2650 forme
1030 2579 1138 2672 hujus

192 2682 392 2744 sacramenti.
409 2683 607 2745 Etiaminter
621 2687 742 2764 eosqui
757 2685 948 2747 conveniunt
960 2684 1001 2745 de
1016 2701 1138 2747 neces·
1214 2764 1215 2769 ἵ

191 2778 283 2842 sitate
298 2777 486 2856 chrismatis,
511 2780 682 2842 dubitatur·
693 2799 733 2842 an
755 2782 795 2843 sit
814 2780 994 2843 necessaria
1013 2797 1137 2845 eonse-

191 2876 289 2940 orntio
304 2877 344 2938 ab
360 2876 508 2956 episcopo
522 2875 617 2938 facta.
639 2877 672 2938 Si
694 2878 747 2958 qni
766 2881 875 2939 tenent
891 2893 1044 2938 manuum
1067 2878 1137 2942 im-

189 2972 377 3052 positionem
393 2991 461 3034 esse
476 2972 653 3051 materiem,
670 2974 814 3036 dubitant
828 2992 868 3034 an
883 2973 923 3034 sit
934 2972 990 3033 illa
1003 2989 1079 3052 quae
1096 2977 1138 3038 fit

190 3068 249 3128 suh
260 3068 416 3128 unctionis
427 3068 613 3147 auspicium,
623 3069 673 3131 vel
683 3069 737 3132 illa
747 3089 816 3150 quae
826 3071 858 3130 in
869 3074 941 3132 actu
953 3067 1134 3152 unctionis,

189 3164 239 3226 vel
255 3168 388 3243 utreque
402 3167 554 3245 tanquam
568 3185 632 3227 una
648 3186 655 3228 :
671 3167 744 3228 inde
759 3168 884 3230 variant
902 3166 997 3228 etiam
1016 3171 1137 3244 quoad

63 3323 64 3326 ,
189 3261 323 3324 sormam
340 3259 432 3341 hujus
445 3263 645 3341 sacrementi,
667 3282 708 3324 an
729 3263 769 3324 sit
788 3264 843 3324 illa
862 3280 932 3342 qua
951 3265 1139 3341 respondet

189 3358 298 3439 primae
314 3376 465 3420 manuum
479 3360 681 3439 protentioni,
697 3361 844 3422 videlicet
859 3360 959 3422 oratio
981 3358 1137 3442 Omnipo-
1165 3426 1170 3437 ¹

189 3463 260 3533 tens,
277 3474 317 3518 an
332 3456 372 3519 sit
386 3455 553 3534 diastylo
568 3463 595 3516 te
609 3456 691 3535 sipon
704 3456 806 3518 cneio.
823 3459 858 3517 ln
873 3457 933 3516 hac
948 3457 1037 3518 tanta
1051 3459 1138 3538 opi·

188 3556 317 3648 monum
337 3553 550 3622 controversie
569 3554 709 3616 Ecclesia
729 3555 871 3618 absolute
892 3555 960 3618 vult
983 3560 1018 3616 ιιι
1040 3556 1135 3626 nihil
