2442 4125
178 312 237 373 ata
386 318 615 369 mesammones
635 318 718 368 tona
739 316 895 367 aaronica

179 468 420 533 determinatam
433 482 612 545 personam,
624 465 707 526 sieut
716 471 748 525 et
757 482 846 525 amor
854 464 887 525 iu
896 464 1114 530 matrimonio.

179 568 247 627 Nou
261 580 428 644 possumus
443 562 619 623 consentire
633 560 666 621 iu
680 560 713 621 id
734 560 819 641 quod
837 562 1032 641 ignoramus,
1053 582 1116 627 neo

177 664 281 741 potest
294 676 384 721 amor
401 658 476 719 farri
497 656 530 717 iu
551 674 721 735 personam
739 658 881 737 ignotam
901 658 953 719 vel
971 657 1118 721 indeter-

178 757 341 819 minatam.

219 852 252 913 Si
270 868 359 911 error
380 849 473 911 eadat
492 848 525 909 iu
546 866 649 909 nomeu
668 866 823 927 persona,
846 866 910 910 nou
928 848 1018 911 vitiat
1034 865 1116 911 aon·

177 952 325 1021 tractum,
342 963 400 1007 neo
418 944 500 1007 tollit
518 962 716 1019 eonsensum,
737 943 813 1022 quia
829 944 906 1004 dum
927 949 1050 1007 eoustat
1070 946 1115 1007 de

177 1059 296 1121 corpore
316 1039 372 1115 rei,
395 1058 510 1101 nomeu
529 1042 576 1101 est
594 1038 671 1119 quid
688 1038 871 1099 iudillerens
887 1039 921 1100 in
939 1039 1050 1101 ordine
1068 1042 1114 1102 ad

177 1153 376 1212 eonsensum,
394 1138 426 1197 et
440 1135 625 1215 simpliciter
638 1139 834 1212 assumptum
849 1136 890 1195 ad
908 1135 1114 1197 iudioaudam

218 1246 250 1290 rs
349 1275 356 1293 .

177 1246 350 1386 pesiozzffi
373 1324 458 1385 eadit
478 1325 511 1385 in
534 1324 715 1405 qualitateve,
739 1323 930 1404 generaliter
950 1324 1112 1404 loquendo

177 1437 239 1481 uon
254 1419 345 1481 vitiat
359 1437 533 1495 assensum,
550 1420 624 1498 quia
636 1420 704 1481 sine
720 1437 758 1480 ea
771 1420 923 1499 qualitate
936 1420 1114 1498 coneipitur

176 1514 423 1591 matrimonium,
450 1518 481 1577 et
503 1532 675 1577 consensus
697 1515 935 1577 matrimonialis
961 1516 1001 1579 de
1028 1534 1112 1595 pra-

178 1612 260 1675 senti
272 1613 305 1673 in
320 1611 561 1673 determinatam
574 1628 754 1688 personam.

214 1707 283 1767 Dixi
297 1707 488 1786 generaliter
500 1706 670 1786 loquendo,
688 1706 764 1786 quia
780 1706 950 1785 aliquando
969 1725 1059 1768 error
1076 1706 1109 1767 iu

175 1801 326 1880 qualitate
341 1818 484 1879 persona
499 1806 603 1880 potest
619 1802 731 1865 vitiare
750 1820 948 1879 eonsensum,
970 1802 1055 1882 quod
1072 1803 1109 1863 fit

176 1900 207 1958 l⁰
221 1896 248 1957 si
261 1894 396 1975 qualitas
410 1894 455 1957 ita
468 1895 660 1957 determinat
671 1913 849 1973 personam,
866 1898 898 1956 et
907 1894 1108 1973 singulariter

175 1991 350 2072 distinguit,
373 1994 408 2053 ut
426 2008 514 2053 error
532 1990 692 2072 qualitatis
711 1990 897 2053 refundatur
912 1992 946 2051 iu
967 2007 1107 2051 errorem

173 2107 328 2168 personae,
345 2089 420 2168 quia
434 2089 568 2167 qualitas
580 2086 758 2148 individuat
776 2105 962 2166 personam
985 2105 1036 2148 ax.
1056 2105 1103 2164 gr.

172 2186 293 2262 regina,
310 2183 530 2263 primogenita,
548 2183 710 2262 unigenita
727 2182 888 2262 principis.
909 2187 940 2244 2⁰
960 2182 994 2244 Si
1013 2181 1107 2242 fuerit

171 2277 357 2354 inpactum,
374 2276 451 2337 etin
467 2275 683 2338 uenditionem
702 2277 839 2337 deduota
857 2277 942 2356 quod
960 2275 1076 2337 aoeidit
1096 2296 1103 2336 ε

173 2373 205 2430 l⁰
220 2369 467 2447 Praesumptinne
478 2369 569 2449 juris,
588 2371 619 2430 ia
632 2370 794 2431 conditione
806 2371 924 2446 ursit,-
936 2371 1006 2432 haeo
1020 2370 1104 2430 enim

172 2464 307 2545 qualitas
321 2465 401 2528 solet
414 2467 624 2528 communiter
639 2471 784 2528 avertere
798 2467 942 2528 homines
955 2466 1072 2527 liberos
1087 2484 1106 2524 a

171 2561 386 2624 contrahendo
411 2561 570 2642 conjugio,
597 2566 629 2624 et
648 2563 774 2623 illorum
795 2581 966 2624 consensus
987 2579 1105 2640 preasu-

170 2661 266 2720 mitur
276 2657 507 2719 conditionatus
519 2677 526 2718 :
540 2658 599 2718 nisi
609 2658 706 2719 fueris
719 2676 822 2733 serva,
839 2662 871 2721 et
884 2657 1010 2742 aneilla,
1027 2663 1101 2733 eta,

169 2755 211 2816 ob
233 2752 435 2814 incommoda
458 2771 528 2832 quae
557 2772 595 2814 ex
623 2754 801 2816 conditione
828 2752 934 2814 servili
959 2751 1104 2812 derivant

168 2847 378 2909 matrimonio.
395 2847 439 2906 De
462 2846 608 2926 conjugio
628 2865 792 2908 servorum
811 2847 912 2926 qualis
931 2844 1025 2906 fuerit
1045 2845 1103 2905 Ee-

168 2943 271 3004 elesiae
286 2941 461 3020 disciplina,
478 2940 559 3003 iuter
573 2942 652 3002 alios
665 2945 811 3004 auotores
829 2945 918 3021 potes
938 2940 1101 3002 consulere

154 3037 296 3107 vBerardi
319 3039 399 3098 Dias,
422 3039 474 3112 lV,
498 3053 566 3115 oap.
591 3054 639 3113 111,
662 3055 694 3099 n.
718 3041 768 3114 76,
794 3043 826 3098 et
845 3056 916 3116 eap.
943 3053 1002 3113 v11,
1029 3039 1097 3098 tlt.

166 3135 283 3196 Verum
305 3133 409 3209 hodie,
433 3135 554 3194 cessata
575 3133 725 3195 servitute
743 3135 861 3211 servili,
882 3137 985 3196 cessat
1004 3134 1099 3196 etiam

166 3227 225 3287 hoo
238 3228 510 3304 impedimentum.

203 3325 236 3380 2⁰
250 3321 408 3382 illectione
423 3322 689 3399 contrahentium,
701 3322 859 3402 siquidem
873 3323 1013 3402 aliquam
1026 3341 1096 3402 spe·

163 3415 275 3475 aialam
291 3415 474 3492 qualitatem
487 3418 531 3478 sia
546 3416 775 3494 adamaverint,
791 3418 842 3479 val
864 3419 903 3478 ab
917 3419 1027 3498 aliqua
1040 3417 1096 3478 de-

112 3585 114 3588 ·
160 3509 327 3570 termInata
341 3508 490 3588 qualitate
505 3510 549 3572 sio
559 3511 792 3588 abhorruerint,
805 3516 840 3574 ut
856 3513 940 3573 illius
958 3513 1097 3575 existen-
