2442 4125
331 347 371 395 oa
391 345 522 419 omeoro
541 347 625 395 mars
647 348 801 397 assamur.
972 338 1028 401 tlt

136 499 200 557 Pro
214 493 419 574 tenporaliom
432 492 685 556 administratione
699 495 816 557 habere
835 494 931 558 debet
952 497 1031 557 elios

90 592 237 670 quatuor
249 588 417 665 deputatos
432 606 470 647 ex
485 587 599 667 quibus
618 589 681 649 duo
700 592 773 650 sunt
792 588 928 669 eligendi
949 591 1032 652 inter

91 685 299 767 capitulares,
316 701 398 745 unus
412 684 453 745 ab
476 685 624 763 episcopo
648 685 727 747 alter
749 704 769 747 a
789 688 925 765 capitulo
943 707 950 747 :
968 686 1031 749 duo

91 784 181 845 inter
201 781 336 844 civitatis
357 781 489 857 elerum,
506 781 681 861 etquidem
704 782 784 843 alter
806 783 846 843 ab
871 784 1028 865 episcopo,

92 880 178 940 alter
190 899 210 939 a
223 878 309 939 clero
322 877 455 938 urbano.
477 878 597 939 Horum
616 877 745 938 oonsilio
765 877 811 939 uti
834 877 930 939 debet
947 879 1031 939 circe

91 976 290 1042 taxationem
311 974 561 1051 contributionis,
586 976 671 1036 cirea
695 976 921 1037 beneficiorum
944 978 1031 1037 unio-

92 1089 180 1148 nem,
206 1071 238 1131 in
261 1070 475 1131 ministrorum
498 1069 702 1149 deputatione
726 1074 757 1132 et
779 1071 973 1149 expulsione,
998 1071 1031 1130 in

93 1168 288 1247 quotidianis
315 1168 460 1246 expensis
482 1170 514 1228 et
533 1166 717 1228 victualium
736 1168 977 1247 provisionibus,
998 1168 1029 1227 in

91 1262 240 1324 ineundis
254 1262 465 1324 contractibus
479 1260 631 1322 stlitibus
649 1264 869 1342 suscipiendis,
896 1270 928 1325 et
948 1280 1030 1342 pree-

93 1360 203 1421 sertim
217 1360 250 1420 in
263 1359 420 1439 exigenda
432 1357 710 1420 administrationis
729 1360 860 1437 ratione,
878 1378 949 1440 quas
969 1360 1030 1420 sin·
1069 1356 1071 1360 ’

92 1456 177 1536 gulis
203 1455 295 1517 annis
322 1458 371 1517 eat
396 1455 437 1515 ab
464 1452 770 1518 administratoribus
799 1456 926 1517 omnino
957 1456 1026 1517 red-

93 1551 212 1612 denda.

133 1647 174 1706 Hi
197 1644 338 1725 deputati
351 1644 471 1724 pariter
491 1644 636 1723 perpetui
656 1647 740 1720 sunt,
764 1648 795 1705 et
816 1660 878 1704 non
900 1650 1030 1721 possent

93 1740 252 1802 removeri
267 1741 334 1801 sine
348 1740 490 1819 legitima
499 1758 612 1814 ceusa3
632 1756 741 1801 eorum
751 1738 1029 1801 tamennonsilium

92 1835 261 1913 episcopus
287 1837 413 1895 tenetur
435 1833 606 1909 adhibere,
634 1850 697 1895 non
720 1834 820 1914 sequi.
844 1834 892 1895 Ita
911 1832 1029 1912 pluries

93 1932 127 1992 S.
153 1929 363 2009 congregatio
384 1928 506 1990 concilii
528 1929 614 2007 apud
641 1929 802 1992 Giraldum
820 1932 852 1990 et
877 1928 1030 1990 Benedic-

90 2032 161 2088 tum
173 2026 255 2103 XIV,
271 2026 311 2088 da
328 2025 449 2105 Syned.

390 2243 393 2248 .
447 2202 615 2248 AllTICULUS
636 2203 671 2247 11.

141 2333 186 2394 oe
200 2333 284 2395 rebus
298 2333 444 2395 ordinatis
458 2334 498 2395 od
509 2333 699 2396 eoaoeodom
714 2333 887 2396 charitatem
903 2353 974 2417 erpo

493 2440 630 2492 mortuos.

130 2592 212 2653 xvi.
230 2593 352 2672 Dogma
364 2589 437 2652 fidei
459 2593 517 2668 est,
534 2592 620 2670 quod
640 2591 721 2652 siout
735 2590 831 2652 homo
851 2591 885 2650 in
907 2590 1024 2668 duplici

89 2688 280 2764 substantia,
305 2687 405 2750 altera
426 2686 590 2766 spirituali,
618 2685 763 2746 videlieet
786 2685 904 2761 annua,
927 2686 1028 2746 altera

89 2783 248 2844 materiali
268 2802 324 2844 seu
354 2800 506 2861 corporea
529 2781 687 2859 coalescit,
711 2782 755 2843 ita
781 2799 866 2841 mors
891 2781 1026 2842 hominis

90 2879 288 2959 concipiatur
306 2886 459 2958 tanquam
477 2878 572 2959 hujus
594 2878 773 2958 hypostasis
792 2879 953 2952 resolutio,
969 2895 1027 2956 per

90 2973 1027 3053 quameorpusredeatadterram,dequasumptusest,spi-

90 3069 169 3129 ritus
183 3073 290 3132 autem
302 3069 343 3130 ad
368 3070 478 3145 Deum,
496 3068 549 3147 qui
564 3068 682 3129 creavit
704 3069 802 3128 illum.
821 3068 883 3130 Sed
898 3067 1027 3146 spiritus

92 3161 247 3222 humanus
260 3162 397 3222 naturali
409 3162 440 3221 vi
455 3161 578 3222 rediens
593 3162 635 3222 ad
652 3163 762 3237 Deum,
785 3164 818 3221 ut
832 3160 916 3220 unde
936 3177 1025 3220 suam

89 3256 306 3322 immediatam
327 3258 437 3321 holsuit
455 3258 608 3337 originem
622 3258 666 3318 ihi
687 3257 828 3320 inveniat
849 3273 941 3318 suum
956 3256 1026 3319 ulti-

90 3371 178 3414 mum
192 3354 297 3431 tlnem,
315 3357 466 3416 aternam
478 3353 721 3415 beatitud-inem.

129 3451 198 3510 Non
220 3467 345 3528 semper
365 3449 461 3528 hujus
489 3449 588 3512 ultimi
611 3449 682 3508 finis
703 3449 859 3527 particeps
883 3450 938 3524 fit;
969 3450 1026 3510 sed

88 3547 272 3625 praesentari
287 3547 382 3608 debet
395 3549 468 3606 ante
477 3545 615 3608 tribunal
631 3545 743 3608 Christi
753 3549 787 3607 ut
801 3545 882 3606 feret
895 3545 1026 3625 propria
