2442 4125
287 349 338 410 'nn
359 363 489 410 omnmo
508 363 591 410 rums
613 364 768 411 oenomai.
940 355 999 413 stt

53 511 163 572 tivum
181 506 263 588 juris
284 507 472 583 eommunis,
495 525 549 570 seu
572 507 734 570 constitnit
753 508 872 589 aliquid
890 513 1002 572 eontra

52 607 108 688 jus
124 623 299 666 commune
313 605 345 664 in
361 605 482 666 oaeteris
497 603 710 666 contractibus
723 605 925 667 servandum.

97 704 146 763 Ex
178 702 244 762 alia
265 708 355 780 parte
378 701 539 762 videretur
559 701 644 780 quod
665 701 778 762 eadem
797 701 1002 783 praesumptio

54 802 151 882 juris,
168 801 203 862 vi
219 800 308 881 nujus
324 801 520 862 conditiones
534 801 755 881 impossibiles,
772 801 880 862 lavore
893 801 1003 862 matri·

57 899 160 960 monii
175 898 336 959 habentur
350 915 408 976 pro
428 914 492 956 non
513 896 658 977 adjeetae,
680 897 862 959 verificatur
881 898 914 958 in
936 915 1004 959 om-

59 995 154 1055 nihus
185 993 419 1053 conditionibus
443 995 510 1054 tnm
539 993 687 1072 propriis,
715 997 784 1055 tnm
810 993 1001 1073 impropriis,

58 1088 162 1149 saltem
178 1089 266 1151 faoto
280 1087 534 1166 impossibilibus.
553 1091 630 1161 Qnae
640 1087 817 1151 differentia
827 1089 911 1151 enirn
921 1093 1004 1150 esset

60 1185 143 1245 inter
157 1183 376 1245 conditionem
393 1203 399 1244 :
417 1184 443 1245 si
457 1183 556 1262 digito
572 1183 689 1244 eoelum
702 1189 826 1264 tangas,
844 1189 876 1247 et
885 1185 979 1247 aliam
994 1205 1002 1247 τ

60 1282 86 1342 si
100 1280 204 1361 digito
223 1281 338 1340 eaelum
352 1281 504 1360 tetigeris,
521 1283 652 1359 propter
665 1298 771 1360 quom,
783 1286 885 1345 stante
895 1284 1004 1346 lavore

61 1378 271 1453 matrimonii,
297 1377 553 1457 praesumendum
576 1377 616 1439 sit
638 1377 772 1457 primam
792 1387 898 1442 mente
921 1383 1007 1443 exei-

7 1529 9 1540 ,
63 1473 158 1552 disse,
182 1492 251 1535 non
272 1473 387 1535 aliam?
408 1477 518 1536 Nonne
540 1475 609 1553 peri
631 1476 727 1537 modo
748 1477 1005 1555 praesumendum

65 1575 147 1630 esset
160 1571 388 1631 contrahentes
403 1589 465 1631 non
480 1571 617 1633 voluisse
628 1571 750 1651 jocari?

7 1697 10 1732 t
104 1667 186 1745 Dixi,
218 1667 324 1728 saltem
351 1668 383 1728 in
403 1668 637 1730 conditionibus
655 1669 739 1730 laeto
760 1667 1007 1748 impossibilibus

67 1763 131 1823 sive
145 1764 286 1845 propriis
300 1765 366 1827 sive
380 1766 559 1846 impropriis
573 1767 721 1828 eamdem
739 1767 895 1828 verificari
910 1766 1008 1829 ratio·

68 1876 139 1918 nem
152 1860 246 1939 juria.
268 1863 347 1922 Nam
366 1860 399 1922 in
418 1862 652 1924 eonditionibns
667 1863 740 1944 jure
761 1864 1006 1944 impossibilibus

7 2001 10 2018 .
71 1971 138 2031 qum
152 1959 337 2036 repugnant
349 1955 440 2016 bonis
454 1956 608 2031 moribus,
625 1956 829 2034 praesumptio
839 1955 921 2034 juris
935 1970 1006 2033 quae

8 2112 9 2115 ,
71 2050 154 2129 viget
167 2053 194 2114 si
208 2053 273 2114 illae
288 2052 405 2115 fuerint
418 2051 565 2132 proprlae,
583 2070 646 2111 non
666 2051 793 2112 videtur
809 2050 965 2113 verificari
980 2048 1006 2109 si

8 2180 10 2217 ;
71 2146 185 2211 luerint
204 2150 389 2229 impropriae
410 2155 442 2212 et
462 2148 632 2228 respiciant
651 2146 771 2209 factum
789 2164 939 2228 praesens,
956 2146 1005 2206 vel

72 2244 276 2321 preteritum,
294 2245 380 2307 velut
393 2244 484 2307 bonis
505 2242 646 2305 moribus
668 2240 860 2303 eontrarium
881 2238 1008 2301 realiter

9 2400 10 2405 ,
74 2342 175 2401 tamen
190 2343 338 2403 existens.

112 2431 268 2498 Ceterum
282 2441 428 2499 auctores
441 2436 661 2512 communiter,
679 2436 739 2497 hao
753 2436 785 2497 in
800 2454 846 2514 re,
863 2453 926 2498 non
940 2437 1005 2497 dis-

76 2520 218 2609 tinguunt
234 2533 339 2613 quoad
353 2534 493 2595 valorem
509 2532 710 2610 matrimonii,
728 2532 924 2594 conditiones
934 2533 1007 2592 sim·

79 2624 194 2698 pliciter
216 2629 426 2707 impossibiles
448 2633 502 2689 aut
522 2628 652 2708 physice
676 2633 731 2688 aut
754 2628 925 2702 moraliter,
953 2630 1008 2685 ant

79 2724 215 2799 proprias
231 2728 287 2787 ant
299 2725 500 2803 improprias,
523 2727 555 2785 et
575 2722 684 2784 dieunt
703 2723 736 2782 in
757 2739 874 2802 genero
895 2719 1006 2781 haberi

81 2826 132 2885 pro
146 2830 207 2877 non
222 2818 366 2898 adjectis,
388 2818 522 2890 Quidam
541 2817 643 2877 solum
662 2816 781 2892 dieunt,
801 2816 833 2875 in
853 2811 1008 2873 conditio-

82 2906 165 2970 nibus
191 2914 382 2993 impropliis,
412 2913 647 2975 matrimonium
675 2912 780 2973 stetim
808 2909 926 2981 valere,
953 2911 1008 2966 aut

83 3002 195 3067 nullum
223 3028 304 3087 esse,
328 3010 431 3089 prouti
454 3010 556 3070 resin
578 3008 757 3070 conditione
778 3004 880 3084 posite
900 3006 1007 3064 extare

83 3112 160 3160 nune
180 3106 437 3187 deprehenditur,
462 3106 521 3166 nisi
543 3106 638 3167 luerit
658 3105 796 3166 conditio
817 3110 926 3163 nature
948 3099 1008 3160 im-

85 3197 330 3283 possibilisque
349 3206 414 3266 siva
437 3204 476 3265 de
497 3204 615 3281 loturo,
639 3203 705 3263 sive
727 3202 765 3263 de
786 3200 933 3281 praesenti
955 3201 1006 3277 sit,

85 3304 143 3350 non
156 3301 337 3377 attenditur,
355 3304 385 3363 et
399 3300 635 3363 matrimonium
651 3299 747 3361 volet.

123 3388 154 3448 Si
167 3412 240 3458 veno
256 3398 450 3461 conditiones
464 3398 580 3459 fuerint
597 3395 774 3475 possibiles,
796 3400 851 3458 aut
872 3396 1010 3476 propriae

88 3488 1012 3575 sunt,autimpropriae:siluerintimpropriee,nonollieiunt

90 3588 244 3651 consensui
259 3592 297 3653 de
312 3592 470 3671 praesenti,
486 3592 589 3652 sedin
604 3608 701 3652 cansa
720 3595 804 3668 sunt,
826 3608 923 3670 qnare
944 3604 1013 3649 ms-
