2442 4125
340 341 379 386 ns
400 341 530 387 cursuro
550 341 634 387 sums
655 341 810 388 cuuon1u1.
982 333 1040 394 333

64 559 68 563 ,
106 494 216 552 autem
229 507 236 548 :
251 486 307 548 lus
318 485 536 567 procurationis
546 485 618 566 (hcc
628 491 675 550 est
684 489 857 566 gratuitum
872 488 1040 568 hospitium

105 586 227 648 dictum
240 581 445 663 procuratio),
461 581 546 662 qnod
560 585 684 646 constat
696 582 857 646 moderatis
869 585 1042 649 victualibus

105 682 255 760 episcopo
270 679 419 740 ecclesias
433 676 578 740 diaecesis
588 695 653 740 sua
663 679 811 741 visitanti.
824 681 880 742 lus
889 681 1040 744 cattedra-

105 777 197 837 licum
212 779 268 838 aut
280 773 481 857 synodaticum
494 793 551 836 seu
565 774 674 854 pensio
694 775 824 855 singulis
842 776 966 838 annisa
980 779 1040 841 ele·

104 872 181 934 uicis
193 874 336 950 tempore
350 871 464 949 synodi
473 871 506 931 in
516 872 670 933 bonorem
684 873 843 934 cathedrae
854 874 1005 936 solvenda
1015 876 1037 938 ¹.

104 971 283 1048 Utrumque
303 969 407 1047 quoad
427 969 634 1048 quantitatem
653 967 815 1030 dimetitur
832 987 870 1030 ex
886 971 1037 1035 muribus.

145 1065 204 1125 lus
231 1062 353 1124 subsidii
378 1063 550 1125 otamtatiui
575 1081 648 1125 cum
673 1065 847 1144 Episcopus
879 1064 1037 1146 indigeat:

104 1158 265 1237 quantitas
280 1176 319 1219 ex
332 1159 473 1221 monibus
486 1158 724 1221 determinatur.
738 1159 874 1239 Spolium
885 1164 932 1223 est
942 1161 1040 1240 quod·

103 1255 182 1315 dam
203 1255 448 1318 ecclesiasticum
478 1255 638 1335 peculium
659 1254 745 1335 quod
767 1255 875 1319 mortis
898 1263 1040 1337 tempore

104 1351 149 1412 ad
175 1351 349 1413 Ecclesiam
372 1353 523 1432 pertinet,
548 1351 676 1431 qnando
700 1369 814 1431 nempe
837 1352 1040 1416 ecelesiastici

103 1440 284 1506 beneficiati
303 1444 354 1506 vel
375 1445 533 1507 decedunt
553 1445 621 1506 sinc
636 1435 834 1523 testamento,
850 1448 900 1509 rel
915 1449 981 1509 sine
996 1448 1040 1508 fa-

104 1537 224 1598 cultata
251 1537 389 1599 testandi
410 1538 591 1618 disponunt.
614 1538 714 1600 Hodie
740 1557 866 1600 camere
885 1540 1040 1618 pontilicis

105 1632 241 1694 Romani
254 1633 314 1694 sibi
334 1632 474 1696 vindicat
487 1632 607 1696 fructas
622 1632 827 1694 ecclesiarum
848 1651 867 1694 a
888 1633 1041 1696 deceden-

105 1729 191 1791 tibus
205 1728 398 1790 beneflciatis
417 1728 554 1791 relictos.
576 1728 640 1792 Sed
661 1746 724 1791 non
746 1729 778 1790 in
799 1729 943 1792 amnibus
967 1747 1040 1810 prc-

104 1823 218 1885 vinciis
232 1824 428 1886 observatur.

147 1917 302 2000 Depootus,
319 1939 375 1982 scu
385 1921 440 2001 jus
455 1921 649 2001 percipiendi
670 1922 850 1984 vacantium
870 1921 1040 1985 beneflcio-

104 2032 177 2077 rum
200 2015 353 2095 redditus,
377 2034 457 2097 quos
480 2017 628 2097 Episcopi
650 2017 700 2078 vel
722 2016 773 2078 elii
801 2007 965 2080 collatores
980 2017 1038 2079 sibi

103 2108 295 2173 tribuebant.
321 2111 420 2174 Hodie
442 2112 538 2173 etiam
561 2110 592 2172 hi
614 2109 685 2190 jure
710 2110 801 2189 spolii
825 2110 866 2173 cd
886 2112 1038 2174 Gameran

105 2206 310 2285 apostolicam
325 2207 543 2269 devolvuntur.
776 2267 780 2276 ,

144 2302 274 2363 Auaatoe
287 2320 342 2365 seu
358 2300 495 2363 dimidia
510 2304 634 2363 anneta
650 2318 721 2380 quae
736 2301 947 2366 solvunturde
957 2302 1038 2367 irac-

102 2402 187 2464 tibus
210 2401 323 2481 prioris
344 2401 417 2463 enni
441 2419 461 2461 a
483 2399 605 2463 clericis
627 2399 666 2461 de
689 2399 842 2465 beneflcio
865 2403 999 2483 provisis
1019 2422 1038 2465 a

103 2496 181 2558 sede
194 2496 378 2577 apostolice.

143 2593 239 2655 Plura
252 2594 292 2655 de
306 2594 355 2654 his
369 2592 478 2655 videas
492 2592 576 2672 epud
596 2592 717 2653 Walter
735 2594 768 2653 in
788 2593 850 2653 fine
869 2595 962 2673 primi
982 2614 1038 2657 vo-

102 2687 242 2764 luminis,
260 2688 344 2766 apud
359 2688 531 2765 Giraldum,
543 2705 575 2766 p.
592 2704 640 2763 111,
658 2687 742 2765 apud
757 2688 872 2767 Fleury
882 2688 921 2750 de
936 2690 1040 2751 Bene-

102 2783 193 2845 liciis.

142 2879 333 2942 Recentibus
346 2880 540 2960 temporibus
554 2898 650 2959 opere
671 2880 947 2944 conturbationum
962 2881 1038 2961 poli·

100 2976 237 3037 ticenum
251 2975 364 3057 quibus
379 2977 449 3055 plus
463 2976 568 3038 minus
587 2976 730 3056 subjecta
747 2977 805 3040 fuit
824 2979 963 3058 Europa,
987 2980 1038 3039 hic

100 3070 166 3133 illic
186 3070 346 3134 declarata
365 3076 439 3134 sunt
459 3072 579 3152 praedia
600 3073 813 3136 ecclesiastica
831 3074 1038 3153 proprietates

133 3260 142 3293 ¹
157 3258 214 3307 Hoc
231 3270 320 3322 neque
335 3259 529 3311 immemoriuli
548 3260 684 3310 contrarie
699 3259 898 3311 consuetudine
913 3260 1037 3325 prescri-

102 3335 186 3398 bitur,
198 3339 230 3387 ut
241 3340 391 3387 constater
402 3338 510 3388 decreto
521 3351 614 3401 congr.
625 3351 701 3390 conc.
712 3338 794 3402 tjun.
806 3341 876 3389 1693.
887 3340 917 3391 ut
928 3340 1036 3391 etiamsi

101 3425 159 3461 non
176 3409 361 3463 celebraretur
377 3414 509 3476 synodus,
525 3413 594 3464 solvi
609 3418 701 3465 umen
714 3414 824 3467 deberet
839 3416 994 3480 quotannis,
1008 3422 1038 3469 ut

102 3488 208 3536 constat
227 3499 260 3536 ex
280 3487 406 3551 pluribus
427 3487 659 3541 declarationibus
680 3502 771 3554 congr.
794 3505 870 3545 conc.
892 3496 964 3559 apud
987 3496 1037 3544 Be·

101 3562 165 3613 ned·
179 3561 236 3613 XtV
250 3562 282 3627 (l.
297 3565 318 3616 V
331 3564 365 3613 dc
379 3564 445 3627 Syn.
460 3563 539 3614 dimo.
555 3578 577 3613 c.
594 3572 653 3629 v11J.

885 3651 931 3709 lt*
