2442 4125
347 354 385 399 nn
406 356 535 402 enuere
555 358 639 404 uncis
660 359 815 409 canonrcr.
987 356 1044 417 257

112 499 267 561 dicatione
283 499 339 560 has
362 518 475 580 praxes
493 502 525 561 in
549 502 744 566 occidentem
767 507 949 572 attulerunt.
975 515 1041 574 Hoc

112 596 276 659 evidenter
303 598 426 677 exurgit
453 616 491 659 ex
518 599 609 678 pletis
637 600 827 681 imaginibus
853 608 1041 684 pervetustis

112 692 295 775 pontificum
319 698 350 758 et
371 696 626 773 presbyterorum
650 714 781 775 quarum
807 702 913 763 ltomae
938 703 1043 782 plures

111 795 292 852 cernuntur.
310 791 373 851 Sed
393 797 427 852 ut
451 808 540 853 sacra
561 794 726 855 commode
749 803 985 876 peragerentur,
1012 803 1044 860 et

110 888 239 949 brachia
263 895 294 950 et
307 907 419 950 manus
443 896 547 950 essent
561 892 707 970 expedita
730 909 788 954 nee
808 886 940 972 pallium
963 895 1043 958 iuter
1129 880 1133 887 ¹

109 984 270 1064 agendum
289 986 467 1062 decederet,
493 986 565 1048 inde
588 993 698 1065 peetus
722 988 871 1070 conjungi
893 991 989 1070 coepit
1011 996 1043 1051 el

109 1081 241 1145 brechia
254 1084 327 1143 hinc
342 1082 414 1144 inde
430 1102 468 1145 ex
482 1084 614 1145 fimbriis
627 1084 880 1148 extrahebantur.
897 1087 956 1148 Alii
969 1104 1041 1148 vern

109 1178 294 1255 orientales,
312 1184 345 1240 ut
359 1179 494 1239 Chaldaei
509 1186 539 1241 et
554 1180 694 1255 Armeni,
710 1180 896 1261 disjunctum
913 1182 1041 1261 pallium

109 1281 286 1348 servarunt,
303 1275 359 1335 scd
374 1274 510 1336 adhibita
525 1274 629 1337 fistula
643 1276 685 1337 ed
697 1276 836 1337 fimbrias
849 1282 923 1342 ante
933 1282 1042 1360 pectus

107 1370 294 1449 jungendas.
310 1370 409 1432 Latini
425 1389 480 1432 seu
494 1370 709 1433 Occidentales
723 1372 853 1453 pallium
868 1380 940 1435 ante
964 1392 1039 1453 pee-

108 1474 159 1529 tus
181 1469 363 1546 junxerunt,
393 1469 449 1529 sed
476 1486 547 1529 cum
576 1469 668 1529 nimis
695 1471 929 1533 incommodum
957 1477 1040 1532 esset

109 1581 189 1624 onus
213 1563 381 1626 hincinde
406 1564 577 1626 decidentis
601 1565 687 1649 pallii
710 1565 846 1627 brachiis
869 1565 1038 1639 sustinere,

107 1660 260 1738 paulatim
274 1665 465 1723 resecarunt.

147 1758 223 1817 Haec
245 1756 373 1835 quidem
394 1756 451 1819 fuit
472 1756 559 1837 origo
583 1774 744 1819 sacrorum
768 1758 1037 1822 indumentorum.

105 1848 170 1911 Sed
193 1849 332 1911 Ecclesia
345 1868 414 1928 quae
439 1868 477 1912 ex
496 1850 642 1912 omnibus
666 1852 863 1914 occasionem
885 1853 981 1919 sumit
1004 1862 1039 1916 nt

106 1940 148 2001 ad
162 1938 327 2001 invisibilia
340 1939 489 2013 ascendat
508 1944 539 2000 l⁰
554 1941 663 2000 Varias
684 1947 786 2004 vestes
801 1942 895 2003 variis
919 1942 1040 2003 ordini-

104 2033 166 2095 bus
190 2032 370 2114 assignavit,
386 2037 417 2096 2⁰
441 2032 550 2094 Varios
565 2032 704 2095 distinxit
727 2032 848 2095 colores
862 2050 918 2112 pro
944 2033 1037 2094 uariis

105 2131 355 2194 solemnitatibus
377 2149 447 2211 quea
475 2133 635 2210 gerentur,
659 2134 691 2192 3⁰
716 2131 818 2191 Variis
841 2130 1036 2193 benedictio·

104 2227 198 2288 nibus
212 2228 253 2289 ad
267 2245 373 2289 sacros
386 2245 462 2288 usus
476 2229 578 2289 vestes
593 2227 650 2287 has
663 2226 840 2291 destinavit.

371 2403 384 2450 g
399 2398 446 2443 111.
460 2411 490 2444 cc
501 2410 652 2444 onusnnrrs
664 2410 774 2444 currere.

144 2515 222 2578 XlV.
239 2515 332 2576 Varia
343 2521 414 2577 sunt
429 2532 589 2576 aucturum
596 2515 712 2576 aedium
722 2523 917 2593 ornamenta,
930 2519 1033 2596 prouti

103 2613 303 2690 candelabre,
321 2611 493 2691 lampades,
514 2629 645 2692 organa,
670 2629 734 2671 oera
757 2631 847 2673 sacra
870 2619 900 2674 et
924 2622 1035 2675 cetera

103 2709 197 2786 hujus
212 2711 346 2787 generis.
362 2710 417 2769 Hae
432 2725 484 2768 ree
500 2724 609 2767 omnes
625 2707 781 2768 ordinarie
795 2708 955 2786 loquendo
971 2727 1035 2768 non

102 2806 342 2882 benedicuntur,
368 2805 482 2883 quippe
497 2821 567 2881 quae
590 2807 711 2865 remote
736 2803 832 2864 sacris
856 2804 1035 2865 ministeriis

100 2901 290 2962 deserviunt.
308 2897 369 2961 Sed
390 2898 573 2959 nobiliorem
594 2896 653 2957 hac
676 2898 709 2956 in
731 2914 778 2975 re,
803 2898 864 2958 hoe
888 2895 947 2956 sub
971 2912 1034 2957 ree

100 3003 195 3076 pactu
217 2997 320 3058 locum
335 3000 489 3074 occupant
510 3010 572 3053 aera
592 3010 692 3065 sacra,
717 3011 774 3054 seu
797 2991 917 3072 vulgari
942 3009 1033 3053 voce·

100 3093 175 3153 bulo
194 3107 366 3170 campanae,
390 3107 459 3169 quen
484 3089 583 3148 solent
608 3087 789 3149 selemniter
812 3088 852 3149 ab
877 3086 1033 3165 episcopis

97 3187 244 3250 benedici
265 3194 296 3249 et
311 3204 400 3248 sacro
425 3185 494 3247 oleo
509 3183 636 3264 inungi3
663 3183 794 3262 proinde
818 3184 970 3244 nonnulla
992 3183 1032 3244 de

102 3283 143 3344 iis
157 3283 189 3343 in
204 3285 318 3362 specie.

140 3379 251 3441 Primis
265 3379 470 3459 temporibus,
486 3377 630 3440 videlieet
643 3376 908 3455 persecutionum,
926 3394 945 3436 a
965 3377 1033 3437 dia-

98 3489 180 3535 cono
203 3472 307 3535 veleb
330 3474 391 3534 ulio
405 3472 470 3535 viro
494 3471 637 3550 privatim
659 3471 913 3534 admonebantur
935 3471 1029 3533 chris-

98 3564 176 3626 tiani
190 3565 230 3627 de
245 3566 341 3626 saeris
356 3566 571 3629 conventibus.
