2442 4125
178 265 234 328 {88
388 275 617 322 mammonas
636 275 719 320 sums
740 274 893 322 cannnrcr.

177 423 343 486 admittent
357 419 462 481 officia
474 417 618 498 conjugis
631 423 663 481 et
678 417 925 496 patrisfamilias
939 420 1038 481 valde
1052 421 1113 482 dis-

176 521 301 582 trahere
316 517 357 578 ab
372 515 482 578 officiis
497 514 703 576 clericalibus.

216 614 272 674 Est
286 612 369 672 euim
384 608 644 672 statusclerioalis
658 613 742 672 totus
752 609 864 670 divinis
874 609 991 671 officiis
1000 615 1114 673 manci-

177 714 269 791 patus
285 730 292 770 :
316 708 373 783 Qui
388 715 483 767 nutem
504 706 563 765 sine
582 725 676 765 uxore
689 714 741 782 cst,
756 705 868 785 copitct
883 724 952 786 pure
967 707 1029 769 Dei
1041 719 1113 784 sual,
1198 748 1199 751 =

176 805 317 888 quomodo
337 805 452 885 placent
472 802 532 863 Deo
553 802 673 882 (aiente
694 801 830 880 Paulo):
856 802 910 881 qui
928 812 1035 863 nutem
1056 823 1117 864 cam

179 922 270 964 rexere
283 909 325 964 est
338 901 447 980 capitul
455 916 522 979 pnoe
531 907 599 958 sont
611 897 723 974 mundi,
735 898 876 979 qnonwdo
887 898 1010 978 placeat
1018 905 1115 976 naon,

178 1007 206 1061 et
217 999 326 1059 divinus
339 1006 390 1058 est.
407 998 447 1056 ut
460 996 546 1057 idem
560 995 676 1056 Paulus
693 997 706 1056 l
725 995 766 1056 ad
780 997 850 1056 Cor.
866 999 896 1056 l.
913 1002 1030 1060 monet
1048 1018 1118 1060 con·

174 1096 269 1176 juges
282 1110 384 1154 vacare
397 1090 438 1152 cd
450 1099 563 1172 tempus
576 1091 617 1152 ab
627 1109 687 1152 usu
696 1091 866 1172 conjugali,
879 1095 1015 1174 quando
1026 1096 1119 1158 instat

177 1194 303 1268 tempus
319 1188 478 1250 orationis.

217 1285 308 1348 Adde
323 1286 506 1347 coeubatum
515 1284 701 1346 clericorum
707 1285 800 1347 valde
810 1287 956 1348 conferre
967 1307 1032 1368 pro
1043 1291 1121 1350 exis-

178 1383 340 1446 timatione
361 1384 393 1444 et
411 1383 588 1444 reverentia
609 1386 709 1444 status
731 1383 884 1444 clericalis
905 1404 1008 1465 quem
1033 1387 1122 1449 deaei

178 1479 440 1562 majorpcrfeotio
450 1484 545 1557 prout
556 1479 956 1559 nobiliorageritulficiain
963 1483 1119 1545 Ecclesia.

220 1579 294 1638 Haec
308 1574 421 1637 intuita
434 1573 575 1634 Ecclesia
589 1572 731 1635 distinxit
744 1573 804 1633 hac
816 1574 850 1632 iu
864 1591 898 1634 re
915 1573 1052 1636 ordines
1065 1576 1122 1636 mi·

180 1691 274 1733 nores
288 1677 320 1732 et
333 1689 396 1730 nou
411 1687 517 1730 sacros
532 1669 572 1728 ab
588 1669 750 1731 ordinibus
764 1669 938 1751 majoribus
958 1674 991 1732 et
1011 1672 1119 1733 sacris.

180 1771 215 1830 ln
229 1765 290 1826 illis
304 1764 422 1825 amavit
436 1762 634 1838 coelibatum3
651 1781 715 1825 non
736 1766 842 1826 tamen
860 1764 1030 1842 prohibuit
1043 1785 1123 1844 nup·

180 1865 251 1932 uas,
269 1865 301 1920 et
318 1860 416 1923 multo
437 1857 540 1918 miuus
557 1859 719 1922 interdixit
738 1860 861 1940 (saltem
880 1862 1080 1941 generaliter
1093 1867 1123 1923 et

182 1959 336 2038 absolute)
358 1975 451 2019 usum
471 1957 655 2038 nuptiarum
668 1958 737 2038 J’am
756 1962 1001 2038 contractarum,
1025 1960 1123 2040 siqui-

182 2058 256 2120 dem
270 2053 455 2137 conjugatos
469 2052 510 2115 ad
525 2069 578 2114 eos
592 2051 808 2131 suscipiendos
822 2052 959 2115 admisit.

223 2154 313 2226 Quod
327 2152 526 2232 potissimum
540 2167 597 2229 per
618 2165 657 2209 ea
670 2154 814 2227 tempora
829 2150 975 2228 obtinuit,
991 2153 1123 2232 quaudo

183 2249 284 2330 quiin
298 2248 471 2307 minoribus
486 2245 648 2308 ordinibus
664 2244 881 2323 initiabantur,
896 2247 929 2307 in
949 2247 989 2308 iis
1007 2268 1124 2329 perpe·

183 2349 237 2404 tuo
261 2342 483 2404 consistebant.
507 2344 548 2405 At
575 2349 743 2422 postquam
766 2342 900 2405 obtinuit
923 2347 959 2405 ut
982 2346 1124 2407 minores

185 2434 311 2497 ordines
321 2438 426 2496 essent
435 2436 486 2496 via
496 2437 537 2497 nd
547 2436 695 2517 majores,
707 2439 859 2499 statutum
872 2441 920 2499 est
933 2438 1054 2500 saeculo
1064 2456 1122 2516 xn,

186 2538 220 2593 ut
234 2530 287 2611 qui
301 2529 333 2590 in
348 2530 521 2592 minoribus
536 2532 699 2593 ordinibus
712 2532 940 2595 contraxissent
956 2534 1125 2595 matrimo-

185 2629 284 2707 nium,
301 2628 392 2708 quasi
405 2628 615 2689 ecclesiastico
625 2628 748 2689 muneri
763 2629 1007 2705 renuntiassent,
1020 2648 1126 2691 remo-

185 2732 334 2789 verentur
348 2743 369 2784 a
381 2742 510 2785 suorum
524 2722 672 2785 ordinum
685 2724 788 2787 officio
804 2725 885 2805 (cap.
902 2741 913 2784 1
928 2727 960 2785 et
973 2743 1066 2805 seqq.
1082 2725 1125 2785 de

186 2821 329 2903 Clerioo).
347 2820 455 2883 Solum
476 2820 651 2883 Tridentini
671 2823 779 2883 Patres
799 2822 832 2882 iu
852 2838 913 2882 ses.
936 2824 976 2882 25
991 2822 1033 2883 dc
1052 2820 1122 2882 Ref.

186 2938 254 3001 cap.
271 2936 349 2997 xvu,
370 2918 408 2979 iis
422 2921 656 2994 concesseruut,
673 2920 708 2979 ut
721 2919 748 2979 si
765 2918 871 2979 clerici
886 2916 1016 2979 coelibes
1031 2910 1126 2977 dees-

187 3022 267 3094 sent,
282 3036 356 3078 suos
371 3015 497 3078 ordines
507 3013 604 3075 veluti
614 3013 718 3074 elerici
732 3013 910 3075 subsidiarii
924 3018 1122 3089 exercerent,

187 3112 357 3175 dummodo
378 3116 481 3174 esseut
499 3109 640 3189 probatae
661 3107 745 3187 vitae,
762 3128 825 3171 uon
842 3110 972 3189 bigami,
990 3110 1032 3170 ad
1053 3127 1127 3169 mu-

188 3224 264 3265 nera
278 3208 419 3284 gerenda
431 3207 548 3283 idonei,
563 3212 595 3267 et
607 3210 771 3268 tonsuram
785 3223 823 3267 ac
840 3205 1018 3267 clericalem
1031 3203 1126 3266 habi-

187 3303 255 3361 tum
265 3305 399 3378 gestent.

228 3396 377 3459 Similiter
391 3398 484 3458 hodie
498 3399 580 3475 laici,
598 3401 624 3460 si
638 3398 809 3479 conjugati,
827 3416 891 3460 non
911 3398 1125 3461 admittuntur

189 3489 230 3547 ad
245 3487 382 3561 ordines,
399 3504 458 3545 uec
472 3491 621 3567 minores,
636 3491 695 3552 uisi
706 3491 745 3552 de
755 3509 910 3553 consensu
920 3492 1037 3568 uxoris,
1050 3509 1123 3571 quae
