2442 4125
211 350 251 411 38
428 358 655 407 memsumouus
675 359 757 405 sums
779 358 933 407 cuuoutci.

214 522 276 565 non
291 502 388 564 hebet
403 501 546 563 ordinem
565 500 605 562 ud
625 504 857 563 sacromentum
871 500 1029 563 ordinarie
1044 502 1158 565 conte

212 596 357 661 rendum.

253 692 327 773 liaec
342 692 470 773 quidem
484 690 567 755 dicta
581 692 644 756 sint
657 694 697 755 de
712 691 884 754 validitate.
901 690 982 764 Quid
997 690 1037 752 de
1046 691 1158 757 licitu·
1213 737 1214 742 κ

213 787 307 849 dine?
321 790 389 849 Non
403 786 515 866 loquor
529 788 580 849 hic
600 788 640 849 de
658 788 863 867 presbyteris.
886 790 949 847 Aut
970 787 1058 846 enim
1079 795 1157 852 sunt
1213 829 1214 888 p

211 883 346 943 ministri
359 882 442 943 licite
458 883 488 941 et
507 882 622 958 valide,
645 886 700 943 out
717 881 823 942 illicite
841 880 935 941 simul
949 883 980 940 et
992 880 1153 963 invalide,
1213 905 1214 946 l

212 995 310 1058 quum
324 979 399 1037 tunc
414 975 516 1036 solum
529 975 613 1037 licite
628 976 690 1037 sint
709 975 859 1052 minist1i5
878 974 1004 1055 quaudo
1027 978 1152 1041 valide.
1213 955 1214 1014 ἕ

251 1077 292 1135 At
317 1073 464 1153 Episcopi
486 1072 540 1153 qui
561 1073 719 1133 ordinario
744 1076 816 1133 sunt
837 1071 933 1151 hujus
955 1079 1155 1137 sacramenti

210 1170 355 1249 ministri,
380 1170 434 1251 qui
444 1168 536 1251 juxto
554 1168 601 1229 sui
621 1167 739 1229 ordinis
757 1170 946 1245 potestatem
964 1168 1152 1251 conferunt,

211 1268 264 1348 qui
279 1267 399 1327 babent
412 1267 539 1343 plenam
555 1271 586 1325 et
600 1264 772 1345 perfectum
786 1262 863 1323 illud
878 1262 1063 1325 conferendi
1077 1285 1153 1330 euc-

208 1362 378 1435 toritatem,
395 1359 446 1419 isti
460 1364 544 1420 certe
559 1366 633 1420 sunt
646 1376 770 1437 semper
784 1359 887 1421 valide
901 1359 1045 1421 ministri.

250 1458 329 1519 Sunt
343 1472 383 1515 ne
400 1472 473 1515 vero
487 1472 613 1534 semper
626 1461 658 1516 et
670 1453 776 1514 licite?

249 1556 326 1633 Rep.
344 1551 431 1613 Licet
445 1551 576 1633 quilibet
586 1550 752 1632 episcopus
761 1550 827 1613 siue
834 1550 1055 1631 jurisdictione
1069 1556 1151 1636 ulla,

209 1649 340 1711 ubilibet
354 1650 386 1711 ct
401 1648 573 1729 quemlibet
587 1649 762 1725 confirmet,
778 1648 881 1710 velide
896 1651 1082 1729 confirmet,
1107 1659 1153 1715 ts-

208 1762 282 1805 men
296 1744 322 1804 si
336 1744 397 1805 boc
410 1742 506 1803 iboiet
519 1744 568 1804 vel
583 1743 616 1803 in
630 1744 791 1805 subditum
805 1762 867 1806 non
882 1763 975 1807 suum
989 1746 1037 1807 vel
1054 1756 1153 1813 extre

208 1838 370 1902 dioecesim
384 1856 484 1917 suam,
502 1837 569 1899 sine
583 1839 749 1901 ordinerrii
763 1842 846 1902 illius
859 1841 920 1903 loci
933 1842 984 1904 vel
997 1861 1151 1922 personae

206 1937 343 2016 licentis,
354 1936 460 1998 illicite
476 1936 551 2017 egit.
563 1936 602 1999 Et
612 1936 739 2017 quidem
749 1938 887 1999 sissimo
899 1938 1151 2024 sitdeepiseopo

207 2044 296 2106 extre
310 2038 472 2102 dioecesim
486 2054 576 2100 suem
590 2036 807 2116 confirmante,
827 2056 879 2100 res
898 2042 945 2101 est
966 2043 1055 2101 extre
1073 2061 1151 2106 eon-

92 2180 96 2186 ·
206 2138 368 2206 troversiae
392 2137 495 2202 aleam
520 2135 678 2210 admisse,
709 2133 864 2213 siquidem
891 2137 1008 2215 epeitis
1033 2141 1151 2204 verbis

207 2236 294 2298 'frid
307 2236 359 2310 vl,
373 2234 412 2292 de
422 2235 479 2294 ref.
490 2236 521 2310 5,
534 2237 624 2296 vetus
635 2229 715 2312 juris
725 2231 844 2293 sanctio
858 2232 973 2293 iterum
991 2233 1151 2302 innovata

207 2332 239 2391 et
249 2328 408 2388 declarate
416 2331 473 2403 est,
483 2344 540 2404 per
551 2343 646 2404 quem
653 2325 812 2406 inhibetur
819 2325 973 2405 episcopis
981 2344 1057 2400 usus
1066 2348 1150 2408 ppu-

206 2422 368 2487 tilicelium
379 2425 466 2482 extre
476 2422 638 2501 dioecesim
648 2439 739 2483 suem
749 2423 815 2482 sine
826 2422 1152 2508 esppessallrdinarii

206 2519 343 2582 licentia.
360 2519 491 2580 Nomine
502 2522 609 2602 entem
619 2518 845 2599 pontificalium
855 2519 987 2594 veniunt
994 2519 1042 2580 vel
1053 2520 1151 2584 func

204 2615 307 2678 tiones
322 2601 439 2676 ordinis
455 2613 651 2696 episcopalis,
664 2614 713 2675 vel
723 2613 898 2691 functiones
908 2613 1027 2674 ordinis
1036 2631 1149 2678 sacer-

205 2712 329 2796 dotulis²
345 2712 373 2772 si
386 2713 550 2792 requirunt
564 2729 656 2796 usum
670 2710 838 2771 Pastorelis
853 2713 884 2771 et
898 2712 1016 2787 annuli.
1029 2712 1149 2794 ltaque

204 2817 325 2870 utendo
340 2825 513 2884 soenorum,
529 2805 723 2886 prohibitum
738 2808 784 2864 est
794 2802 957 2883 episcopis,
970 2803 1028 2863 sub
1041 2821 1149 2880 poene

203 2905 414 2986 suspensionis
421 2906 461 2992 ab
470 2923 525 2964 usu
534 2902 760 2982 pontilicelium
768 2902 835 2980 ipso
844 2903 925 2962 lecto
934 2900 1146 2983 incurrendo,

204 3019 242 3060 ne
258 3013 317 3060 uoc
332 3005 472 3062 lucerent
487 2999 553 3059 siue
575 2997 682 3058 debito
702 2996 837 3057 licentia.
862 2997 951 3074 Quod
973 3013 1046 3057 vero
1072 3016 1148 3078 per.

202 3098 282 3160 tinet
295 3101 336 3157 ed
350 3115 501 3175 personas
515 3115 578 3158 uon
595 3095 750 3174 subdites2
764 3113 815 3155 res
829 3096 877 3154 est
891 3111 929 3153 ex
943 3093 1084 3172 peritate
1096 3099 1148 3161 vel

203 3194 406 3256 similitudine
430 3197 560 3257 rationis
582 3195 711 3256 definite
725 3211 745 3252 a
758 3195 791 3256 S.
811 3194 844 3254 C.
861 3212 892 3273 g.
914 3193 1009 3254 (lonc.
1029 3197 1148 3274 28110·

153 3340 156 3345 .
201 3291 324 3356 vembri
352 3294 440 3370 1602,
471 3297 502 3356 et
528 3295 592 3355 lere
622 3292 763 3354 unanimi
789 3295 954 3354 suetorum
981 3294 1146 3364 sententie

200 3390 350 3469 admisse,
372 3391 446 3454 licet
465 3391 610 3458 videatur
629 3410 688 3454 nec
705 3393 944 3472 suspensionem
960 3389 1143 3470 incurrere,

200 3493 232 3550 et
246 3489 325 3551 lente
341 3490 436 3551 etiem
449 3509 468 3552 e
483 3492 576 3572 culpe
590 3490 747 3566 excusam
764 3508 839 3551 nem
851 3487 961 3551 istbaec
979 3486 1077 3550 venie
1097 3491 1143 3552 fe-

200 3588 258 3648 cile
272 3594 376 3667 potest
390 3593 549 3666 presumi.
