2442 4125
353 318 393 365 li!
413 317 543 367 01!le
562 318 646 367 illlis
667 320 824 369 cauom.
996 315 1052 375 Ηδ

109 462 316 543 prohibuisse
334 460 530 539 exercitium,
549 462 607 525 sed
625 464 777 527 mansisse
792 466 856 546 jus,
877 468 1054 548 quodlicet

109 558 294 622 executioni
308 558 453 620 mandari
467 576 530 619 non
549 560 703 637 potuisset
719 568 864 639 respectu
884 564 1053 644 magistra·

107 659 207 713 tuum
228 650 415 727 infidelium,
444 655 597 714 curamut
619 656 726 715 tamen
752 655 900 717 Ecclesiae
928 658 1050 737 praeleti

110 747 295 811 executioni
317 747 467 809 mandare
487 753 634 827 respectu
654 750 796 813 fidelium
820 770 882 831 quo
905 754 972 815 fleri
995 774 1053 833 po·

108 847 238 910 tuisset.
275 843 327 906 Ad·
357 843 391 905 id
423 843 624 923 probandum
659 845 790 909 adducit
826 849 915 911 Pauli
954 852 1052 913 verba

111 944 142 1023 (l
161 941 249 1017 Tria,
266 940 299 1019 v)
322 960 330 1002 :
358 941 554 1002 «Adversus
573 942 795 1021 presbyterum
817 946 1051 1009 accusationem

109 1038 181 1099 noli
193 1037 335 1115 recipere
350 1036 408 1097 nisi
422 1036 482 1099 sub
496 1037 621 1099 duobus
635 1038 685 1099 vel
699 1038 799 1101 tribus
814 1040 957 1103 testibus.
974 1063 989 1099 o

156 1133 219 1196 Sed
233 1135 345 1194 contra
356 1133 453 1194 sentit
464 1132 613 1194 Bellarm.
630 1132 685 1195 lib.
701 1135 714 1195 l
729 1134 768 1195 de
783 1136 911 1199 clericis
930 1156 958 1200 c.
981 1142 1020 1202 ΞΘ
1040 1159 1047 1199 :

117 1252 135 1288 u
148 1232 218 1291 Non
232 1232 305 1290 sunt
318 1228 454 1307 exempti
469 1227 574 1289 clerici
589 1228 631 1289 ab
645 1229 836 1309 obligatione
854 1232 959 1313 legum
973 1234 1051 1297 civi·

110 1326 192 1389 lium
205 1343 277 1406 qua
293 1342 357 1386 non
370 1330 552 1403 repugnant
564 1324 664 1387 saeris
684 1326 857 1388 canonibus
875 1329 924 1389 vel
945 1330 1049 1393 officio

111 1421 289 1483 clericali...
308 1422 388 1481 Nam
402 1418 518 1495 elerici,
530 1423 743 1502 praeterquam
754 1422 838 1502 quod
849 1423 953 1485 cleriei
963 1430 1047 1502 sunt,

110 1522 187 1579 sunt
200 1518 295 1578 etiam
309 1516 403 1593 cives,
420 1520 452 1578 et
464 1520 572 1595 partes
586 1519 734 1597 quadam
743 1520 924 1597 reipublioae
935 1520 1046 1583 civilis.

110 1613 213 1694 Igitur
225 1615 262 1673 ut
274 1612 354 1675 tales
370 1611 486 1673 debent
498 1613 606 1675 virere
625 1614 769 1675 civilibus
790 1613 952 1695 legibus...
973 1616 1051 1695 ulio-¹

110 1710 190 1790 quin
203 1726 319 1787 magna
339 1708 534 1787 perturbatio
556 1712 588 1771 et
608 1709 750 1771 conlusio
770 1709 804 1771 in
825 1711 965 1772 Ecclesia
986 1710 1049 1771 ori-

108 1808 212 1881 retur,
233 1806 260 1865 si
279 1804 385 1866 cleriei
406 1822 470 1866 non
491 1810 657 1867 servarent
676 1805 783 1868 civiles
804 1807 943 1887 legesis
965 1824 1048 1869 oom-

108 1900 238 1963 msrciia
250 1900 394 1962 civilibus
408 1906 440 1963 et
453 1901 610 1963 humanis.
627 1923 642 1960 r
667 1902 787 1963 Deinde
806 1904 925 1982 allegat
943 1904 1047 1965 varias

108 1997 316 2061 auctoritates
329 2002 365 2057 ut
376 1996 491 2076 probet
507 1995 623 2057 limites
642 1996 777 2057 duarum
794 2002 984 2076 potestatum
1003 1998 1048 2059 oi·

108 2095 182 2158 vilis
197 2098 229 2155 et
243 2094 472 2171 ecclesiastieae,
489 2098 524 2156 ut
537 2094 652 2172 probet
665 2092 795 2154 clericos
813 2101 959 2172 respectu
973 2093 1047 2155 civi-

107 2193 189 2254 lium
201 2191 308 2271 legum
323 2209 392 2252 esse
406 2190 548 2252 subditos
561 2193 593 2252 et
607 2189 644 2250 iis
665 2207 778 2268 parere
797 2189 951 2254 debere...
974 2191 1047 2254 licet

108 2284 248 2364 explicet
260 2289 398 2346 mentem
412 2301 503 2345 suam
517 2282 652 2345 dicendo
672 2283 863 2365 obligatione
882 2284 1044 2364 direotlve,

108 2399 175 2442 uon
189 2379 340 2457 coactive,
357 2379 458 2441 teneri
468 2379 734 2460 clericoslegibns
743 2380 902 2455 civilibus;
914 2381 1045 2460 proinde

107 2478 134 2538 si
151 2476 350 2557 deliquerint,
368 2494 432 2537 non
446 2493 466 2537 a
478 2475 627 2537 laioosed
639 2475 966 2556 eeclesiasticcjudiee
977 2495 1045 2539 esse

107 2573 298 2653 puniendos.

150 2667 301 2732 Similiter
322 2666 425 2730 Natal.
451 2667 539 2728 Alex.
563 2667 635 2729 hist.
659 2668 744 2730 Eool.
768 2685 840 2730 saee.
863 2683 904 2728 xv
926 2671 958 2728 et
977 2683 1043 2743 rvr,

109 2786 138 2828 e.
155 2769 173 2826 'l
189 2785 198 2826 ε
220 2786 235 2822 «
243 2763 478 2826 immunitatem
492 2763 738 2825 ecclesiasticam
752 2761 857 2843 quoad
866 2761 1045 2839 spirituales

108 2874 222 2919 causas
236 2859 267 2916 et
281 2873 367 2916 mere
381 2855 608 2918 ecclesiasticas
619 2855 700 2935 juris
715 2855 813 2918 divini
834 2871 903 2914 osse
924 2854 1043 2929 fateor3

107 2954 166 3016 sed
187 2952 272 3034 quod
295 2955 417 3030 spectat
436 2970 548 3014 causus
568 2953 757 3031 temporales
778 2953 809 3012 et
829 2947 987 3028 profanas,
1011 2955 1046 3013 ut

107 3048 280 3110 solutiones
295 3046 475 3109 debitorum
489 3051 521 3110 et
538 3048 706 3108 criminum
726 3063 796 3126 quae
816 3064 836 3106 a
853 3045 927 3107 viris
946 3047 1045 3108 eoele-

106 3143 252 3220 siesticis‚
269 3161 331 3205 non
347 3145 502 3223 quatenus
514 3142 633 3219 elerici,
651 3141 706 3204 sed
728 3144 882 3221 quatenus
901 3142 1044 3204 homines

106 3241 183 3300 sunt
208 3236 363 3314 improbi,
392 3237 649 3312 committuntur,
678 3253 788 3298 eorum
815 3236 1045 3302 immunitatem

101 3333 186 3415 juris
200 3332 299 3395 divini
313 3351 382 3394 esse
395 3333 570 3394 concedere
585 3350 648 3393 non
661 3349 801 3412 possum.
818 3356 832 3392 o

146 3430 182 3490 ln
210 3432 299 3492 tanta
321 3446 517 3491 summorum
540 3428 704 3491 hominum
728 3429 885 3492 discordia
903 3446 970 3504 'non
992 3445 1043 3489 re·

107 3526 217 3589 censui
232 3526 294 3588 hoo
306 3525 507 3606 privilegium
521 3525 603 3588 iuter
617 3543 655 3587 ea
668 3543 738 3605 quar
755 3526 834 3605 juris
853 3525 950 3586 divini
969 3524 1043 3584 suut
