2442 4125
317 320 354 365 uu
377 318 507 366 cunero
527 318 610 365 sums
631 316 788 364 canorum.
979 304 1018 363 lt

85 466 301 529 excelluerunt
318 463 403 543 qnod
422 462 550 523 admissi
570 462 633 525 siut
649 462 692 523 ad
710 462 884 525 solemnem
901 463 1020 541 baptis·

85 565 181 627 matis
195 564 404 627 collationem.
422 560 575 625 ordinarii
591 566 698 624 autem
717 564 812 643 hujus
830 564 1019 627 sacramenti

86 658 221 720 ministri
240 656 445 737 praesbyteri,
468 660 501 717 et
518 658 618 720 multo
638 656 740 737 magis
760 657 899 738 episcopi
920 658 1020 720 habiti

86 762 172 820 sunt.

127 856 192 919 Sed
206 855 294 916 vario
308 852 402 915 mcdo
417 852 477 914 hoc
492 870 606 913 munus
619 852 831 931 impleverunt
842 872 901 933 pro
919 857 1022 917 varie·

86 961 154 1019 tate
169 954 352 1033 disciplinae.
367 954 546 1031 Antequam
559 952 592 1011 in
605 952 737 1032 singulis
751 951 941 1020 dioecesibus
951 960 1021 1023 aliae

90 1054 252 1133 erigentur
266 1050 417 1126 ecclesiae,
429 1053 545 1129 praeter
554 1049 779 1129 cathedralem,
792 1054 882 1115 sicuti
894 1056 947 1117 alii
959 1076 1022 1119 non

89 1154 182 1213 eraut
194 1151 227 1211 in
241 1149 430 1211 dioecesibus
451 1148 629 1209 animarum
647 1154 790 1227 pastores
807 1156 1025 1233 praeter·epis-

90 1266 197 1326 copes,
213 1247 259 1308 ita
276 1246 315 1307 de
337 1245 475 1325 episcopi
495 1246 714 1306 commissione
733 1247 921 1325 presbytcri,
942 1250 1025 1312 deut

90 1344 167 1418 alia,
193 1344 238 1405 ita
256 1346 288 1403 ct
305 1342 365 1403 hoc
386 1343 615 1402 sacramentam
636 1343 723 1404 velut
743 1338 802 1404 sub
822 1344 905 1406 illius
926 1346 1025 1408 oeulis

90 1440 306 1503 conferebant.
330 1440 371 1501 At
397 1444 603 1517 posteaquam
627 1440 697 1501 aliis
722 1442 897 1504 constitutis
925 1446 1026 1505 eccle-

90 1536 156 1611 siis,
183 1535 327 1599 dioecesis
341 1535 427 1597 velut
446 1535 479 1594 in
501 1538 548 1597 tot
571 1536 737 1597 familiolae
759 1538 938 1615 spirituales
962 1539 1027 1600 dis-

92 1632 247 1696 tinctaest
261 1634 338 1712 quot
364 1630 430 1692 sive
459 1632 491 1691 in
514 1632 615 1711 pagis,
640 1633 752 1693 sivein
766 1633 898 1695 urbibus
913 1640 1025 1698 erectae

92 1731 166 1789 suut
199 1728 377 1805 parochiae,
415 1746 484 1807 quae
519 1729 605 1789 velut
637 1747 728 1789 suum
759 1734 882 1808 patrem
918 1731 1026 1792 imme·

92 1823 213 1884 diatum
248 1824 461 1901 agnoscebant
494 1824 714 1902 presbyterum
741 1825 781 1886 ab
807 1826 956 1905 episcopo
985 1826 1027 1888 ad

93 1919 274 1997 parochiale
303 1937 418 1979 munus
446 1918 654 1993 destinatum,
690 1923 906 2001 unusquisque
943 1922 1027 1983 videt

95 2015 272 2094 quomodo,
302 2015 389 2077 salvo
424 2018 572 2076 manente
606 2014 745 2095 episcopi
769 2016 853 2095 jure,
884 2015 1030 2079 debuerit

95 2111 192 2190 hujus
210 2111 397 2173 sacramenti
420 2109 650 2172 administratio
672 2111 882 2189 parochorum
905 2111 1028 2173 muneri
1061 2168 1065 2178 .

95 2204 243 2280 adscribi,
266 2210 302 2265 ut
322 2205 367 2266 ita
388 2204 540 2266 familiam
565 2201 656 2284 cujus
679 2208 770 2266 erant
791 2207 908 2283 patres,
934 2224 1029 2286 gene-

95 2300 196 2361 rando
211 2307 434 2379 propagarent,
452 2319 509 2361 neo
529 2299 581 2360 alii
602 2299 788 2379 praesbyteri
808 2301 867 2361 uisi
886 2301 925 2362 de
945 2302 1029 2380 epie-

94 2395 167 2474 copi
190 2396 240 2455 vel
260 2396 389 2475 parochi
411 2397 504 2456 venia
527 2395 567 2455 ad
589 2396 650 2456 hoo
670 2400 902 2458 sacramentum
922 2397 1028 2458 minis·

94 2489 245 2552 trandum
279 2491 529 2552 admitterentur.
567 2492 642 2552 Haec
671 2491 825 2553 facillima
858 2496 942 2565 sunt,
972 2489 1029 2551 scd

93 2583 225 2666 gravior
239 2602 295 2645 uos
309 2589 416 2645 manet
430 2583 561 2663 quaestio
580 2584 620 2645 de
639 2584 678 2644 iis
699 2585 753 2664 qui
774 2584 815 2646 ad
833 2585 1029 2664 Baptismum

93 2680 216 2743 dehent
229 2679 362 2756 admitti,
378 2679 526 2741 videlieet
542 2699 548 2740 :
566 2681 610 2739 De
626 2679 787 2759 subjectis.

411 2835 445 2878 ΙΙ.
457 2833 489 2879 Dc
499 2835 598 2892 subjecto
610 2836 720 2891 haptiemi.

136 2957 191 3016 Ill.
218 2953 479 3034 Quandoquidem
506 2953 682 3030 baptismus
707 2953 755 3010 est
785 2948 825 3008 dc
847 2945 1031 3008 necessitate

95 3051 197 3112 medii
211 3051 405 3127 adsalutem,
428 3067 520 3110 uemc
536 3067 574 3109 cx
588 3047 647 3108 Dei
658 3043 876 3106 misericordia
894 3044 934 3105 ab
948 3043 1032 3103 illius

94 3147 339 3228 participatione
354 3145 549 3207 excluditur:
567 3142 713 3205 omuibus
728 3145 815 3219 patet
829 3141 870 3202 ad
885 3140 1029 3200 salutem.

96 3247 273 3321 Propterea
297 3241 412 3302 docent
437 3226 595 3318 theologi,
630 3237 730 3299 credit
756 3237 897 3297 Ecclesia
924 3252 1033 3296 omncs

96 3337 244 3401 homiues
258 3337 324 3398 sive
338 3336 483 3410 infantes,
500 3335 565 3396 sive
580 3331 716 3408 adultos,
733 3332 787 3411 qui
803 3331 870 3412 jam
884 3329 1035 3410 baptizati

99 3450 165 3494 non
180 3431 254 3506 sint,
278 3448 346 3492 csse
366 3429 544 3508 subjectum
565 3427 717 3488 idoneum
736 3425 933 3504 baptismatis
954 3422 1035 3483 reci-

99 3525 220 3604 piendi.
238 3523 440 3588 Gohaerenter
454 3523 496 3584 ad
511 3523 592 3584 hanc
606 3521 704 3582 fidem
712 3520 860 3582 Ecclesia
871 3516 1036 3594 discipline
