2442 4125
192 315 252 376 252
401 322 630 372 rnsrrrurmuns
651 324 737 372 runrs
759 324 914 373 unuourcr.

194 468 393 546 intelligimus
408 467 560 547 quidquid
574 455 699 529 illorum
721 487 811 531 sacra
824 485 959 548 corpora
978 471 1138 551 tetigerit,

193 564 242 626 vel
257 563 406 645 quidquid
419 564 480 626 tale
495 565 641 643 estquod
665 564 790 626 illorum
809 565 1001 628 memoriam
1015 567 1142 628 voleret

193 677 354 722 revocare.

234 756 377 817 Secunda
392 761 423 818 et
438 756 526 817 tertia
541 755 700 835 categoria
710 755 843 818 admittit
851 757 1007 836 reliquias
1018 757 1139 819 Christi
1209 762 1210 837 l

193 853 226 914 et
240 853 344 914 neate
358 852 464 914 Maria
479 852 632 931 Virginis3
656 869 720 912 non
739 851 784 912 sic
801 853 913 930 prima,
941 853 1022 932 quia
1045 853 1142 914 valde

193 949 289 1009 dubia
303 950 385 1027 apud
400 948 563 1027 theologos
588 955 635 1010 cst
658 948 879 1009 authenticitas
904 951 1140 1011 nonnullarum
1209 976 1210 1003 r

193 1043 396 1122 reliquiarum
425 1061 494 1120 qnae
520 1050 641 1121 partem
669 1043 806 1123 aliquam
836 1045 981 1122 corporis
1011 1047 1142 1106 Domini

193 1137 293 1197 Nostri
307 1137 509 1200 lesu-Christi
524 1138 823 1217 videnturprodere,
836 1138 928 1199 sicuti
941 1144 1141 1218 praepntium

192 1231 447 1308 circumcisionis,
459 1239 514 1294 aut
523 1233 690 1294 nonnullas
700 1233 860 1313 sangoinis
868 1239 991 1313 guttas.
1004 1235 1141 1296 Mariam

192 1327 352 1406 Virginem
371 1328 421 1406 pie
435 1329 592 1390 credimus
615 1328 648 1388 in
670 1328 785 1390 coelum
808 1347 880 1389 cnm
904 1347 1049 1408 corpore
1071 1333 1142 1409 post

194 1423 360 1486 transitum
374 1431 578 1503 assumptam.
777 1488 780 1491 .

233 1520 342 1582 Cultus
362 1539 455 1600 quom
479 1521 619 1600 reliquiis
642 1523 746 1582 servat
768 1521 908 1582 Ecclesia
930 1537 1011 1582 cum
1035 1523 1142 1584 cultos

193 1618 424 1679 terminaturin
437 1635 616 1697 personam,
633 1636 696 1677 non
717 1617 750 1677 in
774 1634 843 1678 ram
865 1617 989 1696 ipsam,
1018 1637 1066 1681 ne
1086 1619 1142 1680 fiat

191 1709 344 1786 idolatria,
361 1713 408 1770 est
422 1725 547 1786 semper
560 1709 718 1784 relativus,
736 1727 801 1770 non
816 1709 994 1769 absolutos.

232 1804 340 1865 Cultus
362 1807 469 1863 antem
493 1803 543 1865 hic
564 1803 713 1866 relativus
735 1808 783 1866 est
810 1804 902 1885 primi
929 1805 1061 1867 ordinis
1085 1807 1139 1867 nbi

193 1917 295 1962 sermo
311 1898 349 1960 sit
363 1899 402 1960 dc
417 1898 555 1976 reliquiis
570 1918 640 1979 quae
655 1902 833 1962 referuntur
851 1899 891 1962 ad
907 1899 1093 1979 Christum,
1109 1907 1140 1961 et

192 1997 364 2078 praesertim
378 1994 417 2057 de
440 1995 525 2076 ligno
550 1997 672 2058 Sanora
692 1997 816 2073 Crucis,
841 1995 925 2074 quod
938 1994 999 2057 fuit
1015 1995 1139 2059 instru-

193 2098 333 2154 mentum
347 2096 462 2153 noatrae
477 2091 713 2170 redemptionis.

232 2190 287 2248 Est
301 2187 429 2249 secundi
444 2186 560 2247 ordinis
574 2185 628 2245 ubi
642 2185 682 2246 de
697 2184 837 2265 reliquiis
855 2201 924 2263 quae
946 2182 1137 2248 releruntur

193 2280 232 2339 ad
246 2282 375 2342 Beatam
389 2282 548 2361 Virginem
562 2280 704 2343 Mariam.

232 2376 286 2434 Est
300 2376 380 2435 tertii
394 2376 511 2439 ordinis
526 2378 579 2439 ubi
594 2378 634 2437 ad
648 2380 773 2438 sanctos
787 2391 983 2439 communes.

232 2466 294 2529 Nec
308 2471 429 2530 tantum
445 2480 490 2533 esi
505 2475 606 2553 specie
621 2473 764 2534 diversus
780 2490 837 2551 pro
848 2472 995 2533 varietate
1005 2472 1135 2551 obiecti
1160 2533 1169 2543 ,

192 2562 353 2626 invisibilis
368 2564 418 2625 cni
433 2564 506 2628 dicit
520 2566 716 2644 relationem,
732 2568 789 2628 sed
802 2574 833 2628 et
847 2566 947 2645 major
957 2565 1008 2627 vel
1025 2567 1134 2627 minor

193 2660 224 2721 in
240 2662 351 2723 eadem
366 2663 469 2740 specie
484 2682 540 2741 pro
556 2663 728 2740 quantitate
743 2659 914 2725 relationis.

231 2759 329 2836 Major
352 2756 539 2838 impenditur
562 2759 701 2838 corpori,
732 2758 818 2837 quod
840 2758 947 2817 vivens
970 2760 1136 2837 templum

193 2854 250 2916 fnit
273 2854 404 2933 Spiritus
428 2853 544 2929 Sancti,
567 2855 745 2915 membrum
769 2852 882 2913 Christi
906 2858 937 2913 et
958 2870 977 2913 a
1002 2853 1135 2915 Christo

193 2950 405 3010 suscitandum
420 2951 451 3009 et
465 2947 720 3025 glorificandum
740 2945 916 3025 praesertim
937 2945 993 3005 ubi
1013 2963 1136 3007 conso·

193 3046 291 3106 uiator
310 3046 388 3107 ratio
412 3043 577 3123 singularis
601 3043 754 3121 passionis
778 3060 848 3120 quae
872 3042 955 3103 illius
969 3040 1134 3110 ,virtutem

191 3141 317 3217 speciali
340 3140 434 3201 modo
455 3142 658 3217 representat
672 3149 702 3200 et
717 3137 799 3199 illius
814 3138 933 3199 cultum
948 3147 1131 3215 promovet.

230 3235 331 3296 Minor
345 3237 382 3297 iis
396 3235 490 3296 rebus
506 3252 575 3312 qnae
591 3236 771 3295 contactum
784 3250 857 3294 cum
870 3232 931 3294 illis
940 3234 1131 3312 corporibus

191 3327 378 3406 habuerunt,
395 3338 426 3391 et
440 3349 495 3408 pro
510 3334 656 3391 contactu
669 3328 849 3408 proximiori
865 3328 915 3389 vel
928 3330 1107 3392 remotiori.

231 3424 268 3481 Χ,
286 3422 401 3481 Sedulo
416 3426 456 3483 ab
470 3426 609 3485 Ecclesia
625 3426 683 3485 hac
697 3426 730 3484 in
744 3442 778 3484 re
793 3431 922 3485 cavetur
939 3442 946 3483 :

232 3516 262 3571 1⁰
276 3512 365 3579 Ouod
379 3520 486 3575 sancto
501 3520 589 3593 euJ'ns
602 3519 742 3597 reliquiae
761 3518 918 3596 dicuntur,
943 3519 1063 3583 luerint
1085 3522 1126 3582 ab
