2442 4125
210 350 248 409 co
421 361 649 408 rnsrrrnrronss
669 363 753 408 roris
774 361 931 409 aaronica

210 507 333 588 possint
347 505 472 585 quinon
483 504 745 583 bnbentpatriam
755 508 953 583 potestatem.
966 504 1145 565 Dominium

209 602 290 682 juris
305 600 447 679 gentium
460 600 557 662 vincit
568 600 621 679 jus
632 600 742 679 patria
757 601 920 679 potestatis
934 619 1101 662 servorum
1113 602 1145 660 in

211 698 336 759 liberos.
353 696 447 759 Aliud
462 700 509 757 est
523 714 541 755 a
556 699 671 758 natura
684 696 846 773 prohiberi
860 697 1028 776 quominus
1042 696 1146 757 exolu-

212 794 254 855 sis
273 794 466 873 parentibus,
487 792 566 852 alius
587 808 656 851 sese
676 782 855 852 educationi
872 790 1010 853 fitiorum
1026 791 1147 875 immis-

212 896 296 965 oeat;
314 892 424 953 saltem
438 890 470 949 in
486 888 580 949 dubio
595 888 747 965 praeralet
756 887 847 949 favor
856 888 941 949 fidei.
953 889 1052 949 Casus
1068 888 1146 950 aviae

213 992 350 1068 paternae
366 988 475 1047 contra
488 984 664 1045 dissensum
678 983 776 1063 patris
791 1001 852 1045 non
868 986 915 1045 est
925 983 1085 1046 definitus.

500 1163 512 1211 a
528 1156 561 1202 11.
576 1170 604 1202 nr
621 1168 729 1202 rauronr
743 1169 772 1202 rr
787 1169 851 1202 roco.

254 1267 319 1327 v11.
336 1266 483 1329 Ecclesia
498 1269 655 1329 nascentis
674 1269 814 1345 exordio,
836 1270 916 1331 sicut
937 1268 1041 1329 nullus
1059 1265 1148 1328 insti-

213 1364 299 1424 tutus
321 1363 388 1421 erat
409 1361 688 1424 catechumenatus
711 1366 798 1425 velut
820 1362 982 1445 dispositio
1005 1362 1047 1423 ad
1069 1362 1148 1440 bap-

213 1458 317 1532 tisma,
340 1455 396 1516 sed
420 1473 528 1517 omnes
551 1456 604 1536 qui
627 1458 703 1519 fidei
722 1462 754 1519 et
774 1458 965 1538 poenitentiae
987 1458 1149 1518 dedissent

214 1550 330 1613 indicia
344 1551 385 1611 ad
398 1550 555 1631 baptisma
568 1552 826 1631 admittebantur,
842 1555 887 1616 ita
905 1557 937 1614 et
954 1553 1078 1613 unitum
1097 1552 1148 1611 de·

214 1646 416 1710 terminatum
438 1650 505 1708 erat
525 1650 660 1725 tempus,
675 1648 774 1725 locus,
795 1647 885 1723 ritus,
907 1663 969 1727 quo
989 1644 1149 1723 baptisma
1208 1683 1209 1688 κ

216 1741 420 1813 conferretur,
433 1739 602 1803 dummodo
614 1760 652 1803 ea
662 1749 864 1803 servarentur
873 1758 944 1821 quae
954 1739 1030 1821 jure
1040 1740 1147 1801 divino
1208 1787 1209 1790 ,

215 1837 256 1899 ad
270 1836 459 1897 sacramenti
469 1836 607 1897 valorem
619 1839 710 1898 erant
721 1836 883 1916 requisita
894 1838 935 1898 At
944 1852 1019 1897 vero
1036 1834 1148 1897 istboec

215 1928 320 2012 praxis
342 1945 411 2009 quae
433 1929 520 1991 initio
541 1929 674 1992 invaluit
695 1933 847 2009 tanquam
868 1928 978 2007 primae
999 1927 1148 1991 Ecclesia
1208 1925 1209 1958 ¹

215 2025 390 2091 fundationi
405 2025 746 2103 accommodatissime,
763 2025 975 2106 respondebat
989 2023 1075 2086 enim
1093 2041 1148 2103 ap·
1208 2013 1209 2103 l

214 2125 315 2207 prime
342 2123 587 2204 singularissimo
614 2123 668 2185 illo
695 2125 727 2183 et
752 2119 1002 2182 extraordinario
1031 2119 1147 2181 diviua

215 2217 1149 2299 providentiaeiuduxuiquaiicolesiaceiarrimeeratpropa·
1208 2206 1209 2293 i

216 2312 332 2392 ganda,
349 2313 415 2372 sive
428 2317 463 2375 ut
477 2332 572 2393 quam
585 2316 676 2377 citius
689 2313 759 2375 fieri
772 2315 906 2392 poterat,
922 2309 1016 2372 satuti
1029 2310 1146 2371 anima·

215 2425 287 2472 rum
301 2413 526 2486 susurraretur,
543 2411 608 2472 sive
624 2416 658 2474 ut
671 2429 767 2490 quam
780 2409 912 2471 celerius
929 2408 999 2468 fieri
1011 2408 1144 2486 potarat,

217 2505 349 2568 societas
368 2506 438 2566 haec
458 2507 611 2569 catholica
631 2508 835 2582 fundaretur;
856 2505 912 2568 sed
930 2504 999 2566 visa
1018 2521 1083 2565 non
1102 2506 1147 2563 est

217 2603 363 2667 Ecclesia
378 2605 511 2684 amplius
525 2608 762 2670 accommodata
776 2607 902 2688 quando
916 2606 986 2684 ipsa
995 2603 1065 2684 jam
1078 2603 1147 2664 tnn-

218 2701 505 2766 datasocietasiuit.
514 2705 786 2783 Proindeexoepto
797 2701 990 2765 necessitatis
1000 2717 1076 2761 cusu
1087 2716 1147 2779 quo
1208 2702 1209 2787 t

217 2797 357 2862 Ecclesia
377 2799 555 2862 considerat
576 2800 663 2863 velut
684 2801 879 2880 aptissimam
901 2799 988 2859 illam
1010 2796 1148 2878 discipli·
1208 2792 1209 2881 i

217 2913 291 2958 nam
305 2913 375 2976 qua
390 2896 428 2957 iis
438 2900 585 2959 contenta
597 2915 666 2977 qnae
676 2898 717 2959 ad
727 2899 804 2961 ritus
815 2896 983 2960 essentiam
992 2896 1146 2973 spectant,
1208 2890 1209 2957 t

217 2996 332 3055 oaetera
345 3011 407 3054 non
422 2995 564 3074 requirit,
575 2995 608 3060 in
617 2995 768 3056 ordinario
782 2994 875 3076 hujus
888 2991 1079 3056 sacramenti
1092 2990 1150 3052 ad·

217 3087 444 3150 ministratione
464 3090 557 3170 plura
576 3091 716 3154 decrevit
736 3111 806 3172 quae
827 3092 868 3154 ad
889 3091 1038 3152 decoram
1055 3086 1150 3168 hujus
1208 3090 1209 3175 t

217 3187 406 3249 sacramenti
426 3187 739 3270 administrationem,
755 3193 797 3254 ad
816 3191 892 3253 fidei
909 3208 974 3252 snae
994 3189 1149 3268 siguifica-

217 3284 346 3361 tionem,
362 3285 404 3345 ad
417 3283 558 3349 fidelium
571 3291 766 3370 spiritualem
784 3291 939 3354 culturam
958 3287 1081 3350 censuit
1096 3304 1149 3367 op·

217 3389 365 3466 portuno.
583 3389 589 3404 ²

258 3486 326 3546 Non
341 3485 475 3566 amplius
490 3485 651 3566 quodlibet
669 3487 786 3548 flumen
805 3485 889 3566 qnod
907 3483 988 3547 torte
1006 3501 1150 3547 occurro·

219 3585 277 3662 ret,
293 3583 351 3650 fuit
368 3584 467 3664 locus,
486 3601 548 3646 non
566 3583 702 3664 amplius
716 3585 847 3665 quilibet
860 3582 927 3645 dies
941 3582 999 3646 tuit
1011 3585 1148 3665 tempus,
