2442 4125
203 337 261 398 202
410 341 639 391 marmaricum
660 339 744 384 rums
765 337 921 384 csuomer.

204 487 548 569 videmusjusdivinum
558 483 764 546 christianum
771 481 1147 560 expressoetspeciatiter

204 588 375 670 prohibens
389 582 546 646 connuhio
559 580 700 641 fidetium
720 597 795 639 oum
812 577 970 656 gentibue,
996 595 1075 638 cum
1090 594 1145 658 po

204 687 295 765 pulus
310 681 498 744 christianus
512 695 574 738 nou
590 675 727 737 debehat
736 693 805 736 esse
814 674 984 752 peculiaris
995 675 1144 750 societas,

203 781 284 841 siout
295 779 434 860 judaica,
451 775 505 836 sed
521 772 688 848 catholica,
700 774 732 832 et
745 771 828 831 inter
841 772 955 848 gentes
964 769 1145 830 diffunden-

204 877 279 937 dum
294 882 376 936 esset
390 870 606 951 evangelium
624 869 681 929 sed
694 871 800 929 tamen
819 870 926 928 monet
944 867 1035 946 juris
1057 872 1147 929 natu-

204 973 276 1033 ralis
300 968 557 1050 prohihitionem,
584 983 655 1044 quae
675 968 761 1026 vetat
783 965 852 1024 haec
874 963 1046 1023 connubia
1068 965 1148 1024 sicut

204 1069 280 1128 alias
295 1065 470 1140 societates,
492 1062 656 1137 amicitias,
679 1059 928 1121 necessitudines
952 1059 1146 1121 contrahere

203 1180 275 1222 cum
288 1161 327 1221 iis
346 1161 401 1240 qui
420 1160 506 1221 salsae
527 1157 688 1238 religionis
711 1160 795 1232 sunt,
820 1154 862 1215 ad
885 1154 1045 1216 evitanda
1065 1155 1145 1234 peri·

199 1255 284 1334 'oula‚
301 1261 332 1318 et
346 1257 526 1319 occasiones
540 1254 703 1333 peccandi.

243 1355 346 1425 Quare
361 1351 487 1426 Paulus,
504 1351 531 1410 ΙΙ
546 1349 587 1409 ad
601 1351 686 1425 Gon,
703 1352 747 1423 6.,
763 1346 958 1408 admonebat
971 1347 1091 1408 fideles
1108 1365 1145 1406 ne
1215 1390 1216 1393 ,

203 1443 445 1524 vellentjogum
466 1442 581 1504 ducere
604 1461 677 1504 cum
699 1442 888 1519 infidelibus,
913 1447 946 1504 et
968 1445 1053 1505 ortis
1072 1445 1145 1506 inde

203 1541 395 1617 haeresibus,
420 1557 493 1600 cum
516 1543 597 1600 esset
620 1538 733 1599 eadem
754 1537 961 1616 blasphemiae
985 1541 1100 1618 ratio,-
1115 1543 1144 1600 et

201 1639 286 1698 idem
309 1637 484 1714 periculum
507 1634 679 1712 religionis,
706 1635 732 1694 si
754 1633 864 1694 fideles
883 1651 960 1693 cum
982 1635 1145 1697 haeretiois

203 1734 439 1794 contraxissent.
465 1729 617 1792 Videmus
639 1730 787 1792 Ecclesiae
814 1733 922 1791 Patres
952 1735 1143 1796 constantis

202 1829 279 1889 sime
295 1827 451 1887 connubia
464 1817 605 1887 fidelium
620 1828 845 1889 catholicorum
864 1844 936 1887 cum
955 1827 1142 1891 infidelibus

202 1929 233 1988 et
248 1925 403 1987 haereticis
417 1925 625 2003 improbasse.

242 2024 310 2087 Non
324 2021 397 2085 inde
413 2026 517 2085 tamen
532 2040 727 2102 consequens
741 2027 789 2086 est
803 2023 962 2085 connubia
976 2023 1020 2085 ah
1035 2026 1140 2087 Eccle-

200 2124 248 2183 sia
261 2123 347 2184 velut
360 2122 449 2184 irrita
462 2121 570 2183 habita
583 2120 695 2195 fuisse3
712 2122 768 2181 sed
783 2122 833 2181 hae
846 2122 945 2201 leges,
963 2140 1024 2200 pro
1040 2124 1140 2183 varie

201 2222 264 2277 tate
279 2217 421 2294 periculi,
438 2218 546 2279 habita
559 2217 680 2278 ratione
693 2220 882 2295 temporum,
898 2218 1058 2294 locorum,
1071 2236 1138 2297 per·

200 2328 360 2388 sonarum,
382 2314 475 2374 modo
495 2314 660 2394 rigidiores
683 2313 821 2390 fuerunt,
846 2314 941 2374 modo
966 2314 1139 2395 indulgen-

200 2404 313 2475 tiores3
340 2408 371 2463 et
394 2405 562 2483 aliquando
584 2406 702 2485 nuptiae
723 2408 958 2467 siccontractae
980 2410 1137 2487 tanquam

199 2494 306 2572 irrite,
323 2496 492 2576 aliquando
506 2501 630 2558 tantum
644 2498 759 2560 illicitae
774 2499 890 2559 habitae
905 2503 990 2560 sunt.

238 2592 273 2650 ln
290 2607 326 2651 eo
342 2609 404 2651 non
419 2592 532 2654 desunt
545 2593 689 2671 exempla
702 2593 915 2672 piissimarum
928 2592 1135 2653 foeminarum

199 2705 269 2766 quae
293 2688 360 2749 sine
383 2688 521 2749 criminis
545 2692 620 2749 nota
643 2689 683 2750 ah
706 2688 885 2749 infidelibus
903 2694 1010 2766 nuptae
1035 2695 1135 2749 sunt:

198 2786 243 2846 sic
257 2784 379 2845 Monica
393 2784 558 2863 Augustini
573 2788 675 2847 mater
689 2785 794 2864 nupsit
816 2786 950 2846 Patricio
975 2786 1048 2846 viro
1068 2785 1136 2847 eth-

199 2882 280 2960 nico,
297 2882 437 2944 Glotildis
451 2882 630 2958 Glodovaeo‚
646 2882 796 2961 quemad
811 2882 923 2944 Christi
937 2882 1038 2941 sidem
1060 2900 1135 2944 cou-

198 2980 301 3061 vertit‚
319 2984 379 3041 etc.
396 2979 474 3040 Cum
487 2978 520 3038 in
534 2996 609 3038 casu
631 2978 811 3057 particulari
832 2978 1008 3056 periculum
1031 2994 1134 3040 cessa·

200 3078 256 3151 ret,
281 3075 345 3135 imo
370 3092 441 3153 spes
463 3074 628 3153 affulgeret
642 3074 853 3135 conversionis
867 3074 1054 3149 infidelium,
1073 3090 1134 3152 qua

198 3169 237 3229 de
253 3186 348 3230 eausa
362 3189 420 3231 nec
442 3170 557 3232 Paulus
578 3169 678 3231 voluit
697 3170 803 3231 statim
824 3170 951 3231 dissolvi
972 3169 1132 3231 connubia

198 3263 381 3341 infidelium,
399 3267 424 3326 si
439 3285 520 3328 uuus
535 3285 573 3326 ex
592 3264 668 3344 ipsis
688 3266 729 3326 ad
749 3266 845 3327 fidem
866 3267 1080 3340 convertatur,
1101 3268 1131 3322 et

198 3356 327 3417 concedi
348 3359 450 3420 solent
470 3361 719 3439 dispensationes
742 3379 800 3439 pro
821 3358 1046 3422 contrahendis
1064 3374 1128 3417 ma-

197 3452 351 3513 trimoniis
366 3469 438 3511 cum
457 3456 613 3516 haeretiois
632 3457 714 3536 (quae
735 3458 833 3518 mixta
853 3455 1054 3517 matrimonia
1077 3470 1128 3513 vo·

199 3545 334 3623 cantur),
348 3547 435 3606 cuod
449 3550 645 3623 potissimum
659 3552 774 3614 accidit
786 3552 825 3612 iis
837 3553 870 3612 in
891 3554 967 3613 iocis
989 3551 1043 3610 uhi
1058 3566 1127 3631 pro·
