2442 4125
210 345 269 408 238
419 353 648 406 rrsrrrurrorss
669 355 753 401 runis
774 353 932 401 canonici.

209 515 351 586 tempore
366 523 428 586 quo
442 505 667 576 instituuntur3
685 505 719 564 3ο
732 521 789 581 pro
810 501 955 582 subjecto
976 501 1034 562 cui
1054 502 1141 581 appli-
1213 504 1214 507 ’

211 609 342 676 cantur;
359 607 391 663 4⁰
405 619 462 681 pro
477 602 540 662 fine
560 599 603 661 ad
628 617 723 679 quem
746 598 889 679 proxime
912 601 946 658 et
965 596 1141 658 immediate
1214 532 1216 691 l

211 703 400 782 diriguntur.

251 805 282 862 l⁰
305 799 432 862 Materia
452 800 723 858 sacramentorum
743 793 920 873 generatim
946 793 1087 854 diceudo
1105 797 1144 854 est

212 894 328 974 duplex
346 913 353 954 ε
370 897 426 954 aut
439 905 523 970 aqua
536 893 591 950 aut
606 889 722 950 oleum.
740 890 844 960 Quare
858 904 951 965 aquae
970 886 1144 947 benedictio
1215 888 1216 891 ’

212 993 243 1050 et
256 1005 419 1050 sacrorum
433 985 574 1046 oleorum
589 983 784 1044 consecratio
799 985 933 1060 possunt
953 981 1145 1041 considerari

211 1087 362 1160 tauquam
377 1080 440 1140 duo
461 1078 702 1139 sacramentalia
719 1075 908 1156 principalia
926 1093 1004 1152 quae
1025 1078 1148 1135 coetero

211 1193 282 1238 rum
296 1175 437 1237 omnium
452 1178 525 1236 sunt
537 1174 650 1249 fontes,
674 1179 831 1252 quatenus
851 1176 972 1233 caetera
992 1172 1049 1234 vel
1072 1188 1149 1250 aqua
1217 1226 1218 1265 1

212 1271 392 1348 aspersione
406 1271 457 1331 vel
471 1270 552 1330 sacri
567 1269 629 1331 olei
642 1269 789 1329 unctione
810 1267 1049 1340 conficiuntur3
1069 1266 1148 1328 idco

213 1382 273 1444 que
288 1366 344 1427 vel·
354 1363 558 1425 benedictiones
567 1365 618 1426 vel
632 1362 856 1424 consecrationes
868 1366 1043 1423 vocantur.
1218 1414 1219 1435 ἶ

252 1457 350 1518 Sacra
368 1459 473 1517 autem
497 1455 567 1517 olea
589 1457 652 1519 tria
674 1460 748 1517 sunt
773 1474 780 1516 :
806 1455 913 1515 oleum
935 1454 1149 1532 intirmorum,

213 1552 317 1614 oleum
342 1551 640 1614 catechumenorum
672 1556 704 1613 et
735 1568 861 1611 sacrum
892 1550 1050 1613 chrisma.
1086 1554 1150 1613 Duo

211 1649 314 1727 prima
335 1647 475 1727 simplice
498 1647 587 1722 oleo,
607 1647 736 1708 tertium
755 1645 824 1707 olco
844 1645 986 1707 admixto
1006 1646 1151 1708 balsamo

212 1748 244 1804 et
258 1743 326 1804 aliis
341 1743 534 1821 simplicibus
549 1741 714 1804 odoriferis
728 1742 951 1803 conficiuntur.
968 1744 1019 1804 Ex
1032 1744 1085 1804 his
1099 1763 1153 1806 no-

211 1837 304 1900 bilius
320 1842 368 1899 est
389 1837 537 1915 chrisma,
563 1839 629 1900 sive
651 1839 727 1918 quia
746 1839 906 1900 Christum
925 1846 1149 1918 repraesentat,

211 1933 1152 2014 sivequiacamateriaabantiqnitatcinusuesttuminsa-

212 2033 373 2091 eramento
389 2028 645 2106 confirmationis,
662 2032 730 2091 tum
751 2029 783 2090 in
805 2029 1046 2093 consecratione
1068 2031 1152 2111 epis-

211 2138 375 2199 copcrum,
400 2140 472 2201 quae
493 2126 566 2183 sunt
587 2121 706 2182 ordinis
731 2122 929 2202 episcopalis.
951 2124 1000 2184 Ea
1020 2130 1152 2203 propter

211 2232 301 2293 aquae
328 2214 505 2277 benedictio
530 2214 648 2277 ordinis
670 2215 897 2293 presbyteralis
919 2221 970 2278 est
996 2220 1148 2295 propria,

212 2323 273 2365 non
288 2322 379 2369 secus
395 2326 431 2369 ac
446 2326 536 2387 aquae
552 2308 743 2369 elementum
757 2313 806 2369 est
822 2309 958 2369 materia
976 2309 1151 2388 baptisma·

211 2394 251 2453 iis
265 2396 349 2472 quod
364 2416 384 2457 a
401 2400 594 2477 presbyteris
615 2399 687 2479 jure
710 2399 870 2461 ordinario
892 2400 1148 2465 administratur.

211 2490 327 2551 Contra
340 2510 414 2553 vero
429 2494 488 2555 olei
504 2497 699 2558 consecratio
714 2502 762 2557 est
780 2495 898 2559 iunctio
921 2498 1046 2559 ordinis
1068 2501 1150 2577 epis-

211 2587 328 2664 copalis
343 2606 413 2667 quae
429 2592 596 2669 quotannis
609 2593 689 2653 feria
703 2595 742 2655 V·
756 2593 790 2652 in
808 2612 901 2654 coena
919 2595 1059 2671 Domini,
1083 2599 1146 2657 etc.

249 2685 281 2743 2⁰
303 2683 413 2754 Quoad
436 2694 546 2764 tempus
569 2705 632 2766 quo
657 2688 874 2765 conficiuntur,
898 2690 963 2750 alia
981 2697 1058 2751 sunt
1076 2707 1148 2771 qua

210 2779 401 2859 conjunctim
415 2799 487 2841 cum
501 2786 706 2847 sacramentis
720 2786 832 2847 confici
848 2785 968 2859 solent;
987 2788 1053 2847 alia
1069 2804 1146 2848 vero

211 2898 280 2959 quae
296 2884 383 2942 extra
398 2885 668 2943 sacramentorum
681 2883 889 2945 ministerium
903 2887 1075 2962 vagantur.

250 2976 345 3038 Primi
359 2976 484 3055 generis
498 2981 571 3039 snut
585 2979 691 3039 omnia
705 2979 820 3058 quibus
838 2979 937 3042 utitur
955 2980 1103 3041 Ecclesia
1115 2980 1147 3042 in

209 3072 278 3150 ipsa
291 3074 559 3135 sacramentorum
574 3074 765 3136 collatione:
786 3095 817 3137 v.
838 3095 870 3154 g.
894 3076 1064 3139 unctiones
1083 3074 1146 3137 olei

210 3171 506 3230 catechumenorum
528 3174 560 3231 et
579 3169 757 3233 chrismatis
776 3190 848 3251 quae
868 3172 949 3232 fiunt
969 3173 1004 3232 in
1025 3171 1145 3251 baptis·

210 3264 451 3334 mate,·lortasse
466 3264 571 3325 unctio
586 3264 764 3325 chrismatis
782 3267 814 3325 in
835 3266 1088 3341 confirmatione,
1112 3265 1144 3325 in

211 3355 319 3417 ordine
333 3356 601 3435 presbyterorum,
618 3376 689 3438 qua
708 3359 815 3421 omnia
831 3361 979 3421 Ecclesia
998 3361 1069 3441 loge
1087 3377 1143 3438 pe-

210 3458 374 3528 raguntur,
394 3453 451 3510 sed
471 3454 511 3514 ad
531 3460 802 3519 sacramentorum
822 3458 992 3520 essentiam
1013 3477 1075 3521 non
1096 3457 1142 3519 ri·

211 3546 326 3606 dentur
338 3544 506 3619 pertinere.
