2442 4125
224 340 263 400 'lt
434 343 765 397 1nsr1rnrronssrun1s
787 343 942 390 cnn0n1c1.

227 495 289 559 Sed
305 489 484 572 hujusmodi
499 488 633 549 facultas
646 486 720 547 licet
733 486 942 565 amplissima,
959 487 991 547 et
1006 488 1168 548 caracteri

227 586 413 653 sacerdotali
424 585 495 666 jure
511 585 617 645 divino
631 584 750 660 innata,
768 585 799 643 et
813 581 904 661 cujus
918 581 1035 643 virtute
1057 600 1167 643 sacra·

226 691 367 746 mentum
396 680 557 743 conficitur
587 679 711 758 quoties
738 679 922 752 conficitur,
959 696 1025 739 non
1062 682 1168 756 potest
1214 701 1215 718 ¹

226 785 331 845 temen
355 778 395 839 ab
419 776 564 839 omuibus
585 774 803 836 sacerdotibus
825 773 975 835 exerceri.
1001 774 1100 835 Ratio
1123 776 1167 834 est

227 875 300 959 quie
314 874 354 936 ad
369 872 418 935 sui
432 870 615 933 exercitium
631 871 790 933 desideret
804 869 1077 950 jurisdictionem,
1100 870 1165 932 sine

226 990 290 1055 que
300 969 455 1051 judicium
468 985 532 1029 non
550 967 595 1045 fit,
617 987 656 1029 ex
674 966 871 1028 ordinatione
891 971 998 1027 autem
1018 966 1103 1026 dum
1121 986 1165 1027 sa-

227 1066 371 1129 cerdotes
385 1081 494 1125 omnes
509 1064 651 1127 obtinent
661 1064 733 1145 jure
749 1064 854 1124 divino
866 1062 1051 1141 hujusmodi
1063 1068 1164 1141 potes·

228 1164 324 1225 tatem
352 1157 470 1219 ordinis
497 1157 677 1220 remittendi
705 1161 737 1219 et
763 1157 919 1218 retinendi
947 1160 1101 1235 peccate,
1138 1162 1165 1219 ct

228 1256 356 1339 quidem
369 1255 567 1333 illimitatam,
588 1254 808 1317 illimitabilem
826 1259 858 1315 et
876 1254 1162 1333 inextinguibilem,

228 1351 347 1414 nullam
362 1350 529 1429 acquirunt
539 1350 793 1429 jurisdictionem
806 1349 839 1409 in
852 1349 1005 1426 Ecclesia,
1018 1349 1092 1433 siue
1107 1369 1164 1430 qua

223 1440 445 1527 jurisdictione
460 1459 518 1503 neo
531 1460 589 1523 pro
604 1462 667 1505 uno
678 1462 751 1505 casu
763 1461 821 1505 neo
832 1462 904 1505 oum
914 1443 1061 1524 quolibet
1070 1444 1164 1505 limite

227 1541 332 1625 potest
359 1535 517 1601 exercere.
548 1540 651 1603 lltiam
674 1541 706 1601 in
731 1541 840 1602 ordine
864 1541 985 1603 naturae
1009 1542 1164 1603 hahemus

229 1635 373 1715 exempla
387 1635 499 1697 harum
514 1636 718 1714 facultatum,
736 1654 806 1717 quae
821 1636 960 1699 exerceri
974 1638 1088 1699 statim
1107 1657 1164 1701 non

228 1733 371 1811 possunt.
389 1730 546 1791 Naturalis
561 1738 608 1791 est
622 1732 741 1794 homini
752 1733 884 1795 facultas
894 1729 1060 1812 loquendi,
1073 1736 1163 1798 ratio·

230 1823 367 1900 oinandi‚
396 1822 595 1901 ambulandi3
626 1830 766 1890 attamen
794 1847 857 1891 non
880 1829 987 1891 statim
1010 1823 1160 1912 loquitur,

229 1918 445 1997 ratiocinatur,
462 1920 613 2000 ambulet,
636 1924 692 1985 sed
714 1925 840 2005 quando
862 1944 900 1986 ex
921 1929 1045 1987 neturae
1067 1926 1161 2005 ipsius

231 2015 420 2095 evolutione,
437 2017 619 2080 extrinsecis
637 2020 860 2084 accedentibus
879 2020 1049 2102 adjunctis,
1073 2023 1161 2085 homo

229 2116 387 2197 loquetur,
404 2115 654 2194 ratiocinabitur,
670 2118 856 2197 ambulabit,
872 2119 904 2179 vi
917 2119 1000 2179 illius
1024 2119 1161 2199 pristina

232 2217 263 2276 et
276 2212 571 2275 innatae‘lacultatis
589 2214 747 2294 loquetur,
768 2215 953 2293 ambulabit,
975 2222 1037 2279 etc.
1063 2217 1162 2279 Posito

232 2325 308 2388 ergo
337 2307 422 2387 quod
445 2307 577 2371 facultas
600 2311 655 2371 ille
678 2310 796 2372 ordinis
819 2311 957 2373 exerceri
981 2318 1091 2392 potest
1113 2333 1162 2394 pro

232 2421 381 2466 mensura
391 2402 618 2484 jurisdictionis
629 2424 699 2488 quae
713 2404 757 2469 illi
768 2408 901 2485 accedit,
910 2409 1018 2489 plures
1029 2409 1163 2491 contingi

231 2503 364 2582 possunt
378 2499 624 2564 combinationes
639 2504 744 2585 quoad
758 2505 826 2585 eJ'us
842 2505 1037 2570 exercitium.

273 2599 303 2659 l⁰
326 2596 360 2659 Si
379 2596 533 2660 illimitetc
554 2604 585 2662 et
605 2600 799 2663 illimitabilis
816 2602 871 2663 illa
889 2605 1030 2681 potestas
1049 2603 1162 2666 ordinis

233 2691 435 2774 conjungitur
449 2710 686 2773 cumsupremo
708 2700 741 2759 et
759 2697 913 2758 illimiteto
929 2715 966 2759 ao
987 2698 1162 2761 illimitabili

232 2790 334 2872 gradu
351 2790 588 2871 jurisdictionis,
612 2796 706 2870 prout
728 2794 841 2855 accidit
863 2794 896 2853 in
920 2797 956 2856 R.
986 2797 1023 2858 P.
1047 2796 1162 2859 obtinet

233 2889 425 2968 completum
438 2907 531 2950 suum
546 2891 729 2954 exercitium
743 2910 781 2951 cx
796 2891 882 2952 omni
895 2895 996 2969 parte.

271 2991 303 3048 2⁰
320 2987 353 3048 Si
367 2986 569 3068 conjungitur
582 3005 655 3049 cum
664 2992 818 3067 potestate
828 2988 1014 3068 episcopalis
1019 2987 1171 3069 jmisdie.

232 3082 325 3144 lionis
340 3102 410 3162 quoe
421 3085 492 3164 jure
508 3085 614 3148 divino
628 3085 797 3146 constituta
810 3088 869 3162 est,
881 3088 913 3146 et
923 3084 995 3163 jure
1005 3085 1160 3146 ecclesias·

232 3181 293 3242 tice
309 3182 350 3241 ad
365 3183 536 3260 quemdem
550 3188 673 3262 partem
687 3182 865 3244 christianae
883 3182 1041 3243 societatis
1060 3182 1159 3244 deter-

232 3278 351 3339 minata
379 3284 442 3355 est,
473 3281 593 3342 obtinet
620 3280 725 3361 quood
751 3280 839 3340 illam
865 3282 989 3360 partem
1016 3277 1160 3340 dominici

231 3377 337 3459 gregis
356 3394 448 3436 suum
467 3379 649 3440 exercitium
672 3378 899 3457 plenissimum,
915 3377 972 3438 sed
989 3375 1156 3450 limitabile,

231 3483 326 3557 prout
345 3475 516 3537 limitabilis
537 3483 585 3538 est
605 3476 645 3536 ab
664 3475 768 3536 altiori
786 3475 972 3537 auctoritate
987 3471 1157 3553 jurisdictio

231 3576 386 3639 inferioris
403 3574 597 3640 auctoritatis
610 3594 618 3639 z
636 3573 675 3634 de
689 3572 772 3633 facto
786 3571 919 3635 limitata
935 3576 993 3650 est,
1009 3567 1156 3633 stantibus
