<?xml version="1.0" encoding="UTF-8"?>
<!DOCTYPE html PUBLIC "-//W3C//DTD XHTML 1.0 Transitional//EN"
    "http://www.w3.org/TR/xhtml1/DTD/xhtml1-transitional.dtd">
<html xmlns="http://www.w3.org/1999/xhtml" xml:lang="en" lang="en">
 <head>
  <title>
</title>
<meta http-equiv="Content-Type" content="text/html;charset=utf-8" />
  <meta name='ocr-system' content='tesseract 3.04.00' />
  <meta name='ocr-capabilities' content='ocr_page ocr_carea ocr_par ocr_line ocrx_word'/>
</head>
<body>
  <div class='ocr_page' id='page_1' title='image "./institutionesju04marigoog_0292.png"; bbox 0 0 2442 4125; ppageno 0'>
   <div class='ocr_carea' id='block_1_1' title="bbox 148 276 900 353">
    <p class='ocr_par' dir='ltr' id='par_1_1' title="bbox 148 276 900 353">
     <span class='ocr_line' id='line_1_1' title="bbox 148 276 900 353; baseline -0.016 -18"><span class='ocrx_word' id='word_1_1' title='bbox 148 286 150 291; x_wconf 86' lang='lat'>·</span> <span class='ocrx_word' id='word_1_2' title='bbox 179 276 237 334; x_wconf 71' lang='lat'>282</span> <span class='ocrx_word' id='word_1_3' title='bbox 387 281 616 353; x_wconf 80' lang='lat' dir='ltr'>rnsrrrnrrouns</span> <span class='ocrx_word' id='word_1_4' title='bbox 637 280 721 326; x_wconf 81' lang='lat' dir='ltr'>runis</span> <span class='ocrx_word' id='word_1_5' title='bbox 743 278 900 324; x_wconf 74' lang='lat' dir='ltr'>cruenter.</span> 
     </span>
    </p>
   </div>
   <div class='ocr_carea' id='block_1_2' title="bbox 176 422 1118 1264">
    <p class='ocr_par' dir='ltr' id='par_1_2' title="bbox 176 422 1118 1154">
     <span class='ocr_line' id='line_1_2' title="bbox 179 422 1118 506; baseline -0.005 -17"><span class='ocrx_word' id='word_1_6' title='bbox 179 429 280 489; x_wconf 90' lang='lat' dir='ltr'>videri</span> <span class='ocrx_word' id='word_1_7' title='bbox 299 432 406 506; x_wconf 88' lang='lat' dir='ltr'>posset</span> <span class='ocrx_word' id='word_1_8' title='bbox 427 443 536 486; x_wconf 88' lang='lat' dir='ltr'>eorum</span> <span class='ocrx_word' id='word_1_9' title='bbox 559 424 660 486; x_wconf 91' lang='lat' dir='ltr'>errori</span> <span class='ocrx_word' id='word_1_10' title='bbox 682 423 867 500; x_wconf 90' lang='lat' dir='ltr'>connivere,</span> <span class='ocrx_word' id='word_1_11' title='bbox 890 422 1009 482; x_wconf 86' lang='lat' dir='ltr'>diutius</span> <span class='ocrx_word' id='word_1_12' title='bbox 1033 422 1118 484; x_wconf 92' lang='lat' dir='ltr'>hunc</span> 
     </span>
     <span class='ocr_line' id='line_1_3' title="bbox 179 517 1117 599; baseline -0.007 -14"><span class='ocrx_word' id='word_1_13' title='bbox 179 525 368 586; x_wconf 85' lang='lat' dir='ltr'>Asianorum</span> <span class='ocrx_word' id='word_1_14' title='bbox 395 538 517 582; x_wconf 89' lang='lat' dir='ltr'>morem</span> <span class='ocrx_word' id='word_1_15' title='bbox 543 519 743 582; x_wconf 87' lang='lat' dir='ltr'>tolerandum</span> <span class='ocrx_word' id='word_1_16' title='bbox 772 537 835 580; x_wconf 91' lang='lat' dir='ltr'>non</span> <span class='ocrx_word' id='word_1_17' title='bbox 853 517 1022 599; x_wconf 78' lang='lat' dir='ltr'>judicavit.</span> <span class='ocrx_word' id='word_1_18' title='bbox 1050 521 1117 581; x_wconf 93' lang='lat' dir='ltr'>Non</span> 
     </span>
     <span class='ocr_line' id='line_1_4' title="bbox 177 614 1118 693; baseline -0.006 -13"><span class='ocrx_word' id='word_1_19' title='bbox 177 624 284 681; x_wconf 86' lang='lat' dir='ltr'>tamen</span> <span class='ocrx_word' id='word_1_20' title='bbox 298 617 479 678; x_wconf 84' lang='lat' dir='ltr'>immediate</span> <span class='ocrx_word' id='word_1_21' title='bbox 494 619 667 693; x_wconf 85' lang='lat' dir='ltr'>paruerunt</span> <span class='ocrx_word' id='word_1_22' title='bbox 681 615 789 676; x_wconf 88' lang='lat' dir='ltr'>Asiani</span> <span class='ocrx_word' id='word_1_23' title='bbox 803 614 966 676; x_wconf 75' lang='lat' dir='ltr'>sententie</span> <span class='ocrx_word' id='word_1_24' title='bbox 983 616 1022 675; x_wconf 82' lang='lat' dir='ltr'>n.</span> <span class='ocrx_word' id='word_1_25' title='bbox 1035 617 1118 676; x_wconf 90' lang='lat' dir='ltr'>Pon-</span> 
     </span>
     <span class='ocr_line' id='line_1_5' title="bbox 177 708 1116 790; baseline -0.006 -16"><span class='ocrx_word' id='word_1_26' title='bbox 177 714 288 785; x_wconf 88' lang='lat' dir='ltr'>tificis;</span> <span class='ocrx_word' id='word_1_27' title='bbox 306 711 360 771; x_wconf 88' lang='lat' dir='ltr'>sed</span> <span class='ocrx_word' id='word_1_28' title='bbox 376 710 515 790; x_wconf 86' lang='lat' dir='ltr'>quadam</span> <span class='ocrx_word' id='word_1_29' title='bbox 528 708 696 770; x_wconf 76' lang='lat' dir='ltr'>traditione</span> <span class='ocrx_word' id='word_1_30' title='bbox 711 708 828 768; x_wconf 84' lang='lat' dir='ltr'>suffulti</span> <span class='ocrx_word' id='word_1_31' title='bbox 844 725 940 786; x_wconf 89' lang='lat' dir='ltr'>qnam</span> <span class='ocrx_word' id='word_1_32' title='bbox 954 725 975 768; x_wconf 84' lang='lat' dir='ltr'>a</span> <span class='ocrx_word' id='word_1_33' title='bbox 991 709 1008 769; x_wconf 85' lang='lat' dir='ltr'><strong>J</strong></span> <span class='ocrx_word' id='word_1_34' title='bbox 1012 725 1116 768; x_wconf 86' lang='lat' dir='ltr'>oanne</span> 
     </span>
     <span class='ocr_line' id='line_1_6' title="bbox 178 799 1115 883; baseline -0.007 -17"><span class='ocrx_word' id='word_1_35' title='bbox 178 805 319 883; x_wconf 89' lang='lat' dir='ltr'>apostolo</span> <span class='ocrx_word' id='word_1_36' title='bbox 333 804 530 882; x_wconf 78' lang='lat' dir='ltr'>repetebant,</span> <span class='ocrx_word' id='word_1_37' title='bbox 548 808 583 862; x_wconf 92' lang='lat' dir='ltr'>ut</span> <span class='ocrx_word' id='word_1_38' title='bbox 595 801 728 862; x_wconf 86' lang='lat' dir='ltr'>insolitis</span> <span class='ocrx_word' id='word_1_39' title='bbox 742 801 882 862; x_wconf 88' lang='lat' dir='ltr'>moribus</span> <span class='ocrx_word' id='word_1_40' title='bbox 896 799 1115 880; x_wconf 82' lang='lat' dir='ltr'>indulgerent,</span> 
     </span>
     <span class='ocr_line' id='line_1_7' title="bbox 178 896 1116 978; baseline -0.004 -17"><span class='ocrx_word' id='word_1_41' title='bbox 178 903 210 961; x_wconf 94' lang='lat' dir='ltr'>in</span> <span class='ocrx_word' id='word_1_42' title='bbox 224 901 330 978; x_wconf 90' lang='lat' dir='ltr'>plures</span> <span class='ocrx_word' id='word_1_43' title='bbox 345 917 444 960; x_wconf 90' lang='lat' dir='ltr'>annos</span> <span class='ocrx_word' id='word_1_44' title='bbox 467 899 689 976; x_wconf 81' lang='lat' dir='ltr'>protraxerunt</span> <span class='ocrx_word' id='word_1_45' title='bbox 711 896 918 958; x_wconf 86' lang='lat' dir='ltr'>dissentiones</span> <span class='ocrx_word' id='word_1_46' title='bbox 938 901 976 971; x_wconf 41' lang='lat' dir='ltr'>et,</span> <span class='ocrx_word' id='word_1_47' title='bbox 990 900 1116 958; x_wconf 91' lang='lat' dir='ltr'>contro-</span> 
     </span>
     <span class='ocr_line' id='line_1_8' title="bbox 176 991 1117 1070; baseline -0.003 -14"><span class='ocrx_word' id='word_1_48' title='bbox 176 997 297 1056; x_wconf 79' lang='lat' dir='ltr'>versias</span> <span class='ocrx_word' id='word_1_49' title='bbox 312 995 413 1056; x_wconf 90' lang='lat' dir='ltr'>donec</span> <span class='ocrx_word' id='word_1_50' title='bbox 428 1012 510 1066; x_wconf 85' lang='lat' dir='ltr'>anno</span> <span class='ocrx_word' id='word_1_51' title='bbox 524 996 593 1069; x_wconf 72' lang='lat'>325,</span> <span class='ocrx_word' id='word_1_52' title='bbox 603 993 636 1052; x_wconf 95' lang='lat' dir='ltr'>in</span> <span class='ocrx_word' id='word_1_53' title='bbox 651 991 783 1054; x_wconf 87' lang='lat' dir='ltr'>concilio</span> <span class='ocrx_word' id='word_1_54' title='bbox 795 991 933 1068; x_wconf 85' lang='lat' dir='ltr'>Nicaeno,</span> <span class='ocrx_word' id='word_1_55' title='bbox 949 1011 1014 1070; x_wconf 87' lang='lat' dir='ltr'>pax</span> <span class='ocrx_word' id='word_1_56' title='bbox 1028 993 1117 1060; x_wconf 81' lang='lat' dir='ltr'>resti-</span> 
     </span>
     <span class='ocr_line' id='line_1_9' title="bbox 179 1090 502 1154; baseline -0.012 0"><span class='ocrx_word' id='word_1_57' title='bbox 179 1095 249 1154; x_wconf 92' lang='lat' dir='ltr'>tuta</span> <span class='ocrx_word' id='word_1_58' title='bbox 263 1095 310 1154; x_wconf 88' lang='lat' dir='ltr'>est</span> <span class='ocrx_word' id='word_1_59' title='bbox 324 1093 383 1151; x_wconf 92' lang='lat' dir='ltr'>hoc</span> <span class='ocrx_word' id='word_1_60' title='bbox 396 1090 502 1151; x_wconf 89' lang='lat' dir='ltr'>modo.</span> 
     </span>
    </p>

    <p class='ocr_par' dir='ltr' id='par_1_3' title="bbox 217 1181 1118 1264">
     <span class='ocr_line' id='line_1_10' title="bbox 217 1181 1118 1264; baseline -0.006 -17"><span class='ocrx_word' id='word_1_61' title='bbox 217 1189 383 1248; x_wconf 79' lang='lat' dir='ltr'>Decretum</span> <span class='ocrx_word' id='word_1_62' title='bbox 398 1191 445 1248; x_wconf 89' lang='lat' dir='ltr'>est</span> <span class='ocrx_word' id='word_1_63' title='bbox 466 1189 511 1261; x_wconf 92' lang='lat' dir='ltr'>ut,</span> <span class='ocrx_word' id='word_1_64' title='bbox 528 1184 620 1264; x_wconf 85' lang='lat' dir='ltr'>juxta</span> <span class='ocrx_word' id='word_1_65' title='bbox 643 1185 792 1242; x_wconf 84' lang='lat' dir='ltr'>Romanae</span> <span class='ocrx_word' id='word_1_66' title='bbox 816 1181 966 1244; x_wconf 79' lang='lat' dir='ltr'>llcclesiae</span> <span class='ocrx_word' id='word_1_67' title='bbox 983 1185 1118 1244; x_wconf 83' lang='lat' dir='ltr'>caetera-</span> 
     </span>
    </p>
   </div>
   <div class='ocr_carea' id='block_1_3' title="bbox 176 1278 1117 1452">
    <p class='ocr_par' dir='ltr' id='par_1_4' title="bbox 176 1278 1117 1452">
     <span class='ocr_line' id='line_1_11' title="bbox 176 1278 1117 1361; baseline -0.004 -19"><span class='ocrx_word' id='word_1_68' title='bbox 176 1300 310 1361; x_wconf 90' lang='lat' dir='ltr'>rumque</span> <span class='ocrx_word' id='word_1_69' title='bbox 332 1282 536 1342; x_wconf 85' lang='lat' dir='ltr'>ecclesiarum</span> <span class='ocrx_word' id='word_1_70' title='bbox 549 1278 762 1354; x_wconf 83' lang='lat' dir='ltr'>traditionem,</span> <span class='ocrx_word' id='word_1_71' title='bbox 782 1278 982 1339; x_wconf 77' lang='lat' dir='ltr'>Resurrectio</span> <span class='ocrx_word' id='word_1_72' title='bbox 999 1279 1117 1342; x_wconf 84' lang='lat' dir='ltr'>Christi</span> 
     </span>
     <span class='ocr_line' id='line_1_12' title="bbox 176 1369 1117 1452; baseline -0.001 -19"><span class='ocrx_word' id='word_1_73' title='bbox 176 1372 300 1433; x_wconf 90' lang='lat' dir='ltr'>Domini</span> <span class='ocrx_word' id='word_1_74' title='bbox 316 1390 386 1452; x_wconf 88' lang='lat' dir='ltr'>quae</span> <span class='ocrx_word' id='word_1_75' title='bbox 414 1373 536 1431; x_wconf 89' lang='lat' dir='ltr'>Pascha</span> <span class='ocrx_word' id='word_1_76' title='bbox 559 1371 683 1446; x_wconf 92' lang='lat' dir='ltr'>dicitur,</span> <span class='ocrx_word' id='word_1_77' title='bbox 702 1369 915 1432; x_wconf 80' lang='lat' dir='ltr'>celebraretur</span> <span class='ocrx_word' id='word_1_78' title='bbox 939 1371 990 1431; x_wconf 86' lang='lat' dir='ltr'>die</span> <span class='ocrx_word' id='word_1_79' title='bbox 1016 1371 1117 1432; x_wconf 88' lang='lat' dir='ltr'>domi·</span> 
     </span>
    </p>
   </div>
   <div class='ocr_carea' id='block_1_4' title="bbox 163 1466 1117 3563">
    <p class='ocr_par' dir='ltr' id='par_1_5' title="bbox 174 1466 1117 1931">
     <span class='ocr_line' id='line_1_13' title="bbox 176 1466 1117 1546; baseline 0 -18"><span class='ocrx_word' id='word_1_80' title='bbox 176 1468 248 1529; x_wconf 89' lang='lat' dir='ltr'>nica</span> <span class='ocrx_word' id='word_1_81' title='bbox 261 1472 332 1546; x_wconf 90' lang='lat' dir='ltr'>post</span> <span class='ocrx_word' id='word_1_82' title='bbox 346 1472 384 1528; x_wconf 77' lang='lat' dir='ltr'>tt</span> <span class='ocrx_word' id='word_1_83' title='bbox 397 1467 516 1542; x_wconf 85' lang='lat' dir='ltr'>lunam,</span> <span class='ocrx_word' id='word_1_84' title='bbox 533 1484 604 1546; x_wconf 86' lang='lat' dir='ltr'>quae</span> <span class='ocrx_word' id='word_1_85' title='bbox 619 1467 668 1526; x_wconf 91' lang='lat' dir='ltr'>vel</span> <span class='ocrx_word' id='word_1_86' title='bbox 678 1466 715 1526; x_wconf 83' lang='lat' dir='ltr'>in</span> <span class='ocrx_word' id='word_1_87' title='bbox 738 1466 966 1546; x_wconf 79' lang='lat' dir='ltr'>aequinoctium</span> <span class='ocrx_word' id='word_1_88' title='bbox 979 1486 1117 1528; x_wconf 90' lang='lat' dir='ltr'>vernum</span> 
     </span>
     <span class='ocr_line' id='line_1_14' title="bbox 177 1562 1116 1642; baseline -0.003 -18"><span class='ocrx_word' id='word_1_89' title='bbox 177 1565 314 1640; x_wconf 89' lang='lat' dir='ltr'>caderet,</span> <span class='ocrx_word' id='word_1_90' title='bbox 330 1564 381 1625; x_wconf 90' lang='lat' dir='ltr'>vel</span> <span class='ocrx_word' id='word_1_91' title='bbox 394 1563 472 1624; x_wconf 92' lang='lat' dir='ltr'>illud</span> <span class='ocrx_word' id='word_1_92' title='bbox 495 1563 637 1642; x_wconf 83' lang='lat' dir='ltr'>proxime</span> <span class='ocrx_word' id='word_1_93' title='bbox 652 1562 899 1642; x_wconf 88' lang='lat' dir='ltr'>consequeritur.</span> <span class='ocrx_word' id='word_1_94' title='bbox 917 1563 991 1622; x_wconf 89' lang='lat' dir='ltr'>Dies</span> <span class='ocrx_word' id='word_1_95' title='bbox 1008 1565 1116 1624; x_wconf 88' lang='lat' dir='ltr'>autem</span> 
     </span>
     <span class='ocr_line' id='line_1_15' title="bbox 175 1660 1114 1740; baseline -0.003 -15"><span class='ocrx_word' id='word_1_96' title='bbox 175 1681 228 1725; x_wconf 80' lang='lat' dir='ltr'>xxi</span> <span class='ocrx_word' id='word_1_97' title='bbox 242 1663 347 1724; x_wconf 87' lang='lat' dir='ltr'>martii</span> <span class='ocrx_word' id='word_1_98' title='bbox 362 1662 510 1740; x_wconf 90' lang='lat' dir='ltr'>deinceps</span> <span class='ocrx_word' id='word_1_99' title='bbox 530 1665 683 1740; x_wconf 86' lang='lat' dir='ltr'>tanquam</span> <span class='ocrx_word' id='word_1_100' title='bbox 698 1660 876 1740; x_wconf 82' lang='lat' dir='ltr'>aequinoctii</span> <span class='ocrx_word' id='word_1_101' title='bbox 895 1661 964 1721; x_wconf 87' lang='lat' dir='ltr'>dies</span> <span class='ocrx_word' id='word_1_102' title='bbox 979 1662 1114 1723; x_wconf 82' lang='lat' dir='ltr'>hahere</span> 
     </span>
     <span class='ocr_line' id='line_1_16' title="bbox 174 1756 1112 1835; baseline 0 -17"><span class='ocrx_word' id='word_1_103' title='bbox 174 1764 237 1832; x_wconf 91' lang='lat' dir='ltr'>tur,</span> <span class='ocrx_word' id='word_1_104' title='bbox 254 1760 289 1818; x_wconf 92' lang='lat' dir='ltr'>ut</span> <span class='ocrx_word' id='word_1_105' title='bbox 302 1756 404 1817; x_wconf 88' lang='lat' dir='ltr'>omnis</span> <span class='ocrx_word' id='word_1_106' title='bbox 419 1773 490 1835; x_wconf 89' lang='lat' dir='ltr'>quac</span> <span class='ocrx_word' id='word_1_107' title='bbox 506 1757 546 1816; x_wconf 85' lang='lat' dir='ltr'>ab</span> <span class='ocrx_word' id='word_1_108' title='bbox 560 1756 777 1817; x_wconf 86' lang='lat' dir='ltr'>astronomicis</span> <span class='ocrx_word' id='word_1_109' title='bbox 787 1756 963 1818; x_wconf 88' lang='lat' dir='ltr'>rationibus</span> <span class='ocrx_word' id='word_1_110' title='bbox 979 1758 1021 1818; x_wconf 93' lang='lat' dir='ltr'>de</span> <span class='ocrx_word' id='word_1_111' title='bbox 1036 1775 1112 1818; x_wconf 90' lang='lat' dir='ltr'>vero</span> 
     </span>
     <span class='ocr_line' id='line_1_17' title="bbox 175 1851 1065 1931; baseline 0.002 -19"><span class='ocrx_word' id='word_1_112' title='bbox 175 1851 365 1931; x_wconf 86' lang='lat' dir='ltr'>aequinoctio</span> <span class='ocrx_word' id='word_1_113' title='bbox 381 1851 455 1912; x_wconf 91' lang='lat' dir='ltr'>oriri</span> <span class='ocrx_word' id='word_1_114' title='bbox 470 1856 576 1928; x_wconf 89' lang='lat' dir='ltr'>posset</span> <span class='ocrx_word' id='word_1_115' title='bbox 590 1852 815 1928; x_wconf 86' lang='lat' dir='ltr'>controversia,</span> <span class='ocrx_word' id='word_1_116' title='bbox 833 1859 1065 1914; x_wconf 88' lang='lat' dir='ltr'>removeretur.</span> 
     </span>
    </p>

    <p class='ocr_par' dir='ltr' id='par_1_6' title="bbox 172 1946 1113 2599">
     <span class='ocr_line' id='line_1_18' title="bbox 214 1946 1113 2030; baseline 0.001 -21"><span class='ocrx_word' id='word_1_117' title='bbox 214 1950 255 2009; x_wconf 89' lang='lat' dir='ltr'>Ut</span> <span class='ocrx_word' id='word_1_118' title='bbox 269 1949 376 2008; x_wconf 86' lang='lat' dir='ltr'>autem</span> <span class='ocrx_word' id='word_1_119' title='bbox 390 1946 490 2007; x_wconf 86' lang='lat' dir='ltr'>omnis</span> <span class='ocrx_word' id='word_1_120' title='bbox 505 1947 602 2006; x_wconf 89' lang='lat' dir='ltr'>etiam</span> <span class='ocrx_word' id='word_1_121' title='bbox 617 1947 749 2026; x_wconf 86' lang='lat' dir='ltr'>quaestio</span> <span class='ocrx_word' id='word_1_122' title='bbox 762 1952 979 2010; x_wconf 88' lang='lat' dir='ltr'>removeretur</span> <span class='ocrx_word' id='word_1_123' title='bbox 995 1969 1113 2030; x_wconf 83' lang='lat' dir='ltr'>quaecx</span> 
     </span>
     <span class='ocr_line' id='line_1_19' title="bbox 174 2039 1112 2121; baseline 0.004 -19"><span class='ocrx_word' id='word_1_124' title='bbox 174 2041 261 2102; x_wconf 81' lang='lat' dir='ltr'>vario</span> <span class='ocrx_word' id='word_1_125' title='bbox 275 2040 371 2102; x_wconf 91' lang='lat' dir='ltr'>modo</span> <span class='ocrx_word' id='word_1_126' title='bbox 387 2040 591 2121; x_wconf 87' lang='lat' dir='ltr'>computandi</span> <span class='ocrx_word' id='word_1_127' title='bbox 603 2039 792 2119; x_wconf 87' lang='lat' dir='ltr'>lunationes,</span> <span class='ocrx_word' id='word_1_128' title='bbox 809 2059 865 2102; x_wconf 89' lang='lat' dir='ltr'>scu</span> <span class='ocrx_word' id='word_1_129' title='bbox 879 2061 1007 2103; x_wconf 89' lang='lat' dir='ltr'>menses</span> <span class='ocrx_word' id='word_1_130' title='bbox 1020 2043 1112 2106; x_wconf 89' lang='lat' dir='ltr'>luna-</span> 
     </span>
     <span class='ocr_line' id='line_1_20' title="bbox 173 2137 1113 2220; baseline 0.005 -23"><span class='ocrx_word' id='word_1_131' title='bbox 173 2156 235 2215; x_wconf 87' lang='lat' dir='ltr'>res,</span> <span class='ocrx_word' id='word_1_132' title='bbox 252 2138 440 2217; x_wconf 89' lang='lat' dir='ltr'>illorumque</span> <span class='ocrx_word' id='word_1_133' title='bbox 464 2137 532 2197; x_wconf 88' lang='lat' dir='ltr'>dies</span> <span class='ocrx_word' id='word_1_134' title='bbox 554 2137 723 2213; x_wconf 90' lang='lat' dir='ltr'>oriebatur,</span> <span class='ocrx_word' id='word_1_135' title='bbox 741 2155 868 2198; x_wconf 92' lang='lat' dir='ltr'>omnem</span> <span class='ocrx_word' id='word_1_136' title='bbox 882 2138 965 2200; x_wconf 88' lang='lat' dir='ltr'>hanc</span> <span class='ocrx_word' id='word_1_137' title='bbox 979 2156 1113 2220; x_wconf 86' lang='lat' dir='ltr'>eompu-</span> 
     </span>
     <span class='ocr_line' id='line_1_21' title="bbox 173 2233 1112 2315; baseline 0.002 -20"><span class='ocrx_word' id='word_1_138' title='bbox 173 2234 262 2295; x_wconf 89' lang='lat' dir='ltr'>tandi</span> <span class='ocrx_word' id='word_1_139' title='bbox 276 2252 385 2295; x_wconf 89' lang='lat' dir='ltr'>curam</span> <span class='ocrx_word' id='word_1_140' title='bbox 400 2233 567 2295; x_wconf 90' lang='lat' dir='ltr'>concilium</span> <span class='ocrx_word' id='word_1_141' title='bbox 582 2233 749 2293; x_wconf 88' lang='lat' dir='ltr'>Nicoenum</span> <span class='ocrx_word' id='word_1_142' title='bbox 769 2233 924 2296; x_wconf 90' lang='lat' dir='ltr'>commisit</span> <span class='ocrx_word' id='word_1_143' title='bbox 946 2235 1112 2315; x_wconf 78' lang='lat' dir='ltr'>Episcopis</span> 
     </span>
     <span class='ocr_line' id='line_1_22' title="bbox 173 2328 1109 2409; baseline 0.003 -19"><span class='ocrx_word' id='word_1_144' title='bbox 173 2329 384 2404; x_wconf 76' lang='lat' dir='ltr'>Alexandria,</span> <span class='ocrx_word' id='word_1_145' title='bbox 402 2328 456 2389; x_wconf 94' lang='lat' dir='ltr'>uhi</span> <span class='ocrx_word' id='word_1_146' title='bbox 471 2332 724 2399; x_wconf 87' lang='lat' dir='ltr'>astronomorum</span> <span class='ocrx_word' id='word_1_147' title='bbox 737 2329 895 2409; x_wconf 90' lang='lat' dir='ltr'>principes</span> <span class='ocrx_word' id='word_1_148' title='bbox 918 2331 1109 2409; x_wconf 88' lang='lat' dir='ltr'>floruerunt,</span> 
     </span>
     <span class='ocr_line' id='line_1_23' title="bbox 173 2422 1110 2505; baseline 0.006 -22"><span class='ocrx_word' id='word_1_149' title='bbox 173 2429 210 2483; x_wconf 93' lang='lat' dir='ltr'>ut</span> <span class='ocrx_word' id='word_1_150' title='bbox 222 2423 361 2501; x_wconf 88' lang='lat' dir='ltr'>reliquos</span> <span class='ocrx_word' id='word_1_151' title='bbox 376 2422 540 2503; x_wconf 89' lang='lat' dir='ltr'>episcopos</span> <span class='ocrx_word' id='word_1_152' title='bbox 553 2425 684 2505; x_wconf 81' lang='lat' dir='ltr'>singulis</span> <span class='ocrx_word' id='word_1_153' title='bbox 698 2426 788 2485; x_wconf 88' lang='lat' dir='ltr'>annis</span> <span class='ocrx_word' id='word_1_154' title='bbox 802 2426 953 2487; x_wconf 87' lang='lat' dir='ltr'>certiores</span> <span class='ocrx_word' id='word_1_155' title='bbox 968 2426 1110 2489; x_wconf 87' lang='lat' dir='ltr'>facerent</span> 
     </span>
     <span class='ocr_line' id='line_1_24' title="bbox 172 2516 1015 2599; baseline 0.009 -24"><span class='ocrx_word' id='word_1_156' title='bbox 172 2516 212 2576; x_wconf 89' lang='lat' dir='ltr'>de</span> <span class='ocrx_word' id='word_1_157' title='bbox 226 2516 382 2579; x_wconf 89' lang='lat' dir='ltr'>dominico</span> <span class='ocrx_word' id='word_1_158' title='bbox 395 2516 446 2577; x_wconf 90' lang='lat' dir='ltr'>die</span> <span class='ocrx_word' id='word_1_159' title='bbox 460 2536 522 2597; x_wconf 92' lang='lat' dir='ltr'>quo</span> <span class='ocrx_word' id='word_1_160' title='bbox 537 2522 659 2581; x_wconf 86' lang='lat' dir='ltr'>Pascha</span> <span class='ocrx_word' id='word_1_161' title='bbox 674 2520 827 2583; x_wconf 80' lang='lat' dir='ltr'>celebrari</span> <span class='ocrx_word' id='word_1_162' title='bbox 842 2524 1015 2599; x_wconf 88' lang='lat' dir='ltr'>oporteret.</span> 
     </span>
    </p>

    <p class='ocr_par' dir='ltr' id='par_1_7' title="bbox 163 2612 1108 3268">
     <span class='ocr_line' id='line_1_25' title="bbox 211 2612 1108 2694; baseline 0.009 -21"><span class='ocrx_word' id='word_1_163' title='bbox 211 2614 287 2673; x_wconf 91' lang='lat' dir='ltr'>lnde</span> <span class='ocrx_word' id='word_1_164' title='bbox 302 2612 388 2675; x_wconf 82' lang='lat' dir='ltr'>ortus</span> <span class='ocrx_word' id='word_1_165' title='bbox 403 2616 450 2676; x_wconf 91' lang='lat' dir='ltr'>est</span> <span class='ocrx_word' id='word_1_166' title='bbox 462 2632 531 2676; x_wconf 90' lang='lat' dir='ltr'>mos</span> <span class='ocrx_word' id='word_1_167' title='bbox 545 2615 721 2677; x_wconf 89' lang='lat' dir='ltr'>litterarum</span> <span class='ocrx_word' id='word_1_168' title='bbox 735 2635 791 2677; x_wconf 89' lang='lat' dir='ltr'>seu</span> <span class='ocrx_word' id='word_1_169' title='bbox 806 2617 1015 2694; x_wconf 88' lang='lat' dir='ltr'>epistolarum</span> <span class='ocrx_word' id='word_1_170' title='bbox 1033 2622 1108 2681; x_wconf 85' lang='lat' dir='ltr'>Pas-</span> 
     </span>
     <span class='ocr_line' id='line_1_26' title="bbox 170 2708 1106 2793; baseline 0.004 -22"><span class='ocrx_word' id='word_1_171' title='bbox 170 2708 318 2786; x_wconf 86' lang='lat' dir='ltr'>chalium,</span> <span class='ocrx_word' id='word_1_172' title='bbox 336 2728 405 2789; x_wconf 83' lang='lat' dir='ltr'>quae</span> <span class='ocrx_word' id='word_1_173' title='bbox 421 2711 460 2771; x_wconf 92' lang='lat' dir='ltr'>de</span> <span class='ocrx_word' id='word_1_174' title='bbox 475 2728 538 2773; x_wconf 84' lang='lat' dir='ltr'>uns</span> <span class='ocrx_word' id='word_1_175' title='bbox 551 2713 584 2771; x_wconf 91' lang='lat' dir='ltr'>in</span> <span class='ocrx_word' id='word_1_176' title='bbox 599 2712 694 2773; x_wconf 88' lang='lat' dir='ltr'>aliam</span> <span class='ocrx_word' id='word_1_177' title='bbox 709 2712 874 2773; x_wconf 87' lang='lat' dir='ltr'>ecclesiam</span> <span class='ocrx_word' id='word_1_178' title='bbox 885 2708 1106 2793; x_wconf 82' lang='lat' dir='ltr'>mittebantur,</span> 
     </span>
     <span class='ocr_line' id='line_1_27' title="bbox 169 2806 1108 2886; baseline 0.004 -18"><span class='ocrx_word' id='word_1_179' title='bbox 169 2810 201 2868; x_wconf 93' lang='lat' dir='ltr'>et</span> <span class='ocrx_word' id='word_1_180' title='bbox 218 2806 398 2868; x_wconf 87' lang='lat' dir='ltr'>solemniter</span> <span class='ocrx_word' id='word_1_181' title='bbox 416 2806 449 2867; x_wconf 89' lang='lat' dir='ltr'>in</span> <span class='ocrx_word' id='word_1_182' title='bbox 472 2807 602 2886; x_wconf 82' lang='lat' dir='ltr'>singulis</span> <span class='ocrx_word' id='word_1_183' title='bbox 623 2808 859 2871; x_wconf 85' lang='lat' dir='ltr'>cathedralibus</span> <span class='ocrx_word' id='word_1_184' title='bbox 883 2809 924 2869; x_wconf 88' lang='lat' dir='ltr'>ab</span> <span class='ocrx_word' id='word_1_185' title='bbox 948 2811 1108 2873; x_wconf 87' lang='lat' dir='ltr'>archidia-</span> 
     </span>
     <span class='ocr_line' id='line_1_28' title="bbox 168 2903 1108 2984; baseline 0.005 -20"><span class='ocrx_word' id='word_1_186' title='bbox 168 2920 247 2964; x_wconf 91' lang='lat' dir='ltr'>cono</span> <span class='ocrx_word' id='word_1_187' title='bbox 262 2903 516 2981; x_wconf 81' lang='lat' dir='ltr'>publicabuntur,</span> <span class='ocrx_word' id='word_1_188' title='bbox 533 2904 587 2983; x_wconf 92' lang='lat' dir='ltr'>qui</span> <span class='ocrx_word' id='word_1_189' title='bbox 611 2903 661 2963; x_wconf 89' lang='lat' dir='ltr'>die</span> <span class='ocrx_word' id='word_1_190' title='bbox 676 2905 860 2984; x_wconf 77' lang='lat' dir='ltr'>Epiphaniae</span> <span class='ocrx_word' id='word_1_191' title='bbox 886 2907 1011 2968; x_wconf 84' lang='lat' dir='ltr'>Pascha</span> <span class='ocrx_word' id='word_1_192' title='bbox 1026 2908 1108 2969; x_wconf 91' lang='lat' dir='ltr'>indi-</span> 
     </span>
     <span class='ocr_line' id='line_1_29' title="bbox 168 2996 1106 3074; baseline 0.007 -18"><span class='ocrx_word' id='word_1_193' title='bbox 168 2996 259 3058; x_wconf 87' lang='lat' dir='ltr'>cebat</span> <span class='ocrx_word' id='word_1_194' title='bbox 284 3014 364 3074; x_wconf 80' lang='lat' dir='ltr'>cum.</span> <span class='ocrx_word' id='word_1_195' title='bbox 379 2996 525 3059; x_wconf 87' lang='lat' dir='ltr'>omnibus</span> <span class='ocrx_word' id='word_1_196' title='bbox 545 2996 632 3058; x_wconf 88' lang='lat' dir='ltr'>festis</span> <span class='ocrx_word' id='word_1_197' title='bbox 655 2998 822 3059; x_wconf 88' lang='lat' dir='ltr'>mobilibus</span> <span class='ocrx_word' id='word_1_198' title='bbox 846 3000 922 3060; x_wconf 88' lang='lat' dir='ltr'>anni</span> <span class='ocrx_word' id='word_1_199' title='bbox 948 3002 1106 3063; x_wconf 84' lang='lat' dir='ltr'>currentis</span> 
     </span>
     <span class='ocr_line' id='line_1_30' title="bbox 163 3092 1105 3174; baseline 0.006 -21"><span class='ocrx_word' id='word_1_200' title='bbox 163 3092 255 3173; x_wconf 85' lang='lat' dir='ltr'>juxta</span> <span class='ocrx_word' id='word_1_201' title='bbox 277 3093 445 3157; x_wconf 84' lang='lat' dir='ltr'>formulam</span> <span class='ocrx_word' id='word_1_202' title='bbox 466 3112 561 3174; x_wconf 86' lang='lat' dir='ltr'>quam</span> <span class='ocrx_word' id='word_1_203' title='bbox 588 3094 682 3155; x_wconf 90' lang='lat' dir='ltr'>hodia</span> <span class='ocrx_word' id='word_1_204' title='bbox 703 3113 866 3158; x_wconf 84' lang='lat' dir='ltr'>servamus</span> <span class='ocrx_word' id='word_1_205' title='bbox 889 3096 979 3160; x_wconf 91' lang='lat' dir='ltr'>initio</span> <span class='ocrx_word' id='word_1_206' title='bbox 1002 3098 1105 3161; x_wconf 86' lang='lat' dir='ltr'>tartiae</span> 
     </span>
     <span class='ocr_line' id='line_1_31' title="bbox 166 3191 631 3268; baseline 0.009 -19"><span class='ocrx_word' id='word_1_207' title='bbox 166 3192 265 3268; x_wconf 85' lang='lat' dir='ltr'>partis</span> <span class='ocrx_word' id='word_1_208' title='bbox 280 3191 470 3254; x_wconf 77' lang='lat' dir='ltr'>pontificalis</span> <span class='ocrx_word' id='word_1_209' title='bbox 486 3191 631 3253; x_wconf 83' lang='lat' dir='ltr'>Romani.</span> 
     </span>
    </p>

    <p class='ocr_par' dir='ltr' id='par_1_8' title="bbox 163 3286 1104 3563">
     <span class='ocr_line' id='line_1_32' title="bbox 206 3286 1104 3370; baseline 0.006 -24"><span class='ocrx_word' id='word_1_210' title='bbox 206 3286 268 3346; x_wconf 89' lang='lat' dir='ltr'>Sed</span> <span class='ocrx_word' id='word_1_211' title='bbox 289 3287 480 3370; x_wconf 86' lang='lat' dir='ltr'>computatio</span> <span class='ocrx_word' id='word_1_212' title='bbox 501 3288 725 3365; x_wconf 84' lang='lat' dir='ltr'>Alexandrina,</span> <span class='ocrx_word' id='word_1_213' title='bbox 743 3306 813 3368; x_wconf 90' lang='lat' dir='ltr'>quae</span> <span class='ocrx_word' id='word_1_214' title='bbox 827 3287 956 3350; x_wconf 89' lang='lat' dir='ltr'>decreto</span> <span class='ocrx_word' id='word_1_215' title='bbox 973 3289 1104 3353; x_wconf 82' lang='lat' dir='ltr'>Nicaeno</span> 
     </span>
     <span class='ocr_line' id='line_1_33' title="bbox 164 3382 1101 3465; baseline 0.01 -26"><span class='ocrx_word' id='word_1_216' title='bbox 164 3382 233 3442; x_wconf 87' lang='lat' dir='ltr'>erat</span> <span class='ocrx_word' id='word_1_217' title='bbox 244 3383 416 3459; x_wconf 88' lang='lat' dir='ltr'>sequenda,</span> <span class='ocrx_word' id='word_1_218' title='bbox 433 3388 465 3447; x_wconf 90' lang='lat' dir='ltr'>et</span> <span class='ocrx_word' id='word_1_219' title='bbox 478 3384 579 3465; x_wconf 85' lang='lat' dir='ltr'>magis</span> <span class='ocrx_word' id='word_1_220' title='bbox 593 3386 756 3465; x_wconf 83' lang='lat' dir='ltr'>magisque</span> <span class='ocrx_word' id='word_1_221' title='bbox 771 3385 900 3465; x_wconf 78' lang='lat' dir='ltr'>vulgata</span> <span class='ocrx_word' id='word_1_222' title='bbox 921 3390 952 3447; x_wconf 89' lang='lat' dir='ltr'>et</span> <span class='ocrx_word' id='word_1_223' title='bbox 975 3387 1101 3448; x_wconf 85' lang='lat' dir='ltr'>univer-</span> 
     </span>
     <span class='ocr_line' id='line_1_34' title="bbox 163 3476 1097 3563; baseline 0.01 -27"><span class='ocrx_word' id='word_1_224' title='bbox 163 3476 237 3537; x_wconf 88' lang='lat' dir='ltr'>salis</span> <span class='ocrx_word' id='word_1_225' title='bbox 259 3476 384 3540; x_wconf 86' lang='lat' dir='ltr'>reddita</span> <span class='ocrx_word' id='word_1_226' title='bbox 402 3485 449 3541; x_wconf 84' lang='lat' dir='ltr'>est</span> <span class='ocrx_word' id='word_1_227' title='bbox 464 3498 522 3558; x_wconf 89' lang='lat' dir='ltr'>per</span> <span class='ocrx_word' id='word_1_228' title='bbox 544 3481 728 3560; x_wconf 87' lang='lat' dir='ltr'>Dionysium</span> <span class='ocrx_word' id='word_1_229' title='bbox 749 3481 908 3561; x_wconf 71' lang='lat' dir='ltr'>irriguum</span> <span class='ocrx_word' id='word_1_230' title='bbox 930 3486 1097 3563; x_wconf 67' lang='lat' dir='ltr'>annotat</span> 
     </span>
    </p>
   </div>
   <div class='ocr_carea' id='block_1_5' title="bbox 0 0 1226 4125">
    <p class='ocr_par' dir='ltr' id='par_1_9' title="bbox 0 0 1226 4125">
     <span class='ocr_line' id='line_1_35' title="bbox 0 0 1226 4125; baseline 0 5"><span class='ocrx_word' id='word_1_231' title='bbox 0 0 1226 4125; x_wconf 95' lang='lat' dir='ltr'> </span> 
     </span>
    </p>
   </div>
  </div>
 </body>
</html>
