2442 4125
325 348 365 391 ne
385 346 516 392 caraem
535 346 619 393 roms
642 346 800 393 cesorum.
973 338 1027 395 iti

85 510 195 553 unum
216 491 256 551 de
277 492 399 569 septem
420 506 509 550 uorae
529 490 608 569 legis
628 491 844 568 sacramentis,
861 490 1030 555 definiente

83 586 289 648 Tridentino.

134 680 183 739 iix
196 679 256 739 hac
271 678 451 739 defiuitione
466 682 576 756 patet:
596 696 660 740 nou
679 679 766 740 aliod
785 696 852 739 esse
871 681 1029 741 manime-

87 776 196 851 nium,
208 778 240 834 et
253 774 339 833 aliod
352 779 596 850 sacramentum,
607 775 663 835 sed
677 776 782 853 ipsum
796 776 1029 837 matrimonium

88 888 165 932 esse
178 872 430 943 sacramentum
452 870 503 931 rel
520 870 589 933 haec
607 872 687 934 ratio
701 872 891 933 sacramenti
904 872 944 933 sit
957 890 1030 933 con·

88 967 211 1028 tractui
232 965 294 1044 ipsi
314 965 437 1027 adnexa
459 966 530 1027 ideo
555 966 631 1045 qnia
649 966 731 1027 inter
754 966 927 1029 catholicos
948 968 1031 1028 celc-

89 1064 242 1123 braretur
254 1061 500 1138 matrimonium,
516 1061 566 1122 vei
582 1061 657 1140 quia
675 1062 853 1125 celebratur
871 1062 933 1125 ritu
949 1081 1030 1144 quo·

91 1158 172 1218 dam
194 1174 305 1231 sacro,
334 1156 384 1217 rei
407 1156 448 1217 ait
470 1156 510 1217 de
537 1155 620 1217 facto
644 1162 878 1221 sacramentum
905 1178 1030 1240 semper

91 1248 384 1329 proutidebetesse
395 1248 530 1328 dejure,
547 1266 660 1328 parum
669 1249 783 1326 refert;
795 1252 1029 1317 matrimonium

92 1350 145 1405 est
157 1349 398 1405 sacramentum.

136 1440 200 1501 Sed
214 1440 294 1501 ratio
308 1438 498 1501 sacramenti
514 1439 546 1499 iu
561 1457 598 1501 eo
613 1440 674 1501 sita
689 1444 747 1516 est,
765 1448 800 1503 ut
817 1460 868 1505 res
886 1450 1027 1521 externa,

90 1556 152 1598 seu
170 1536 297 1615 signum
314 1535 448 1610 risibile,
465 1553 504 1595 ex
518 1524 851 1613 Christi'institutione,
868 1538 1029 1617 etsigniti·

90 1635 147 1693 cet
166 1634 198 1693 et
218 1630 336 1694 efficiat
352 1630 487 1711 gratiam
508 1630 665 1693 internam
686 1638 718 1693 et
737 1632 937 1694 invisibilem.
958 1634 1030 1695 iam

91 1745 172 1789 vero
193 1727 430 1790 matrimonium
452 1727 578 1807 signum
600 1732 648 1790 est
670 1728 794 1789 unionis
817 1728 933 1790 Christi
956 1746 1029 1791 cum

90 1824 247 1898 Bouiania,
276 1827 309 1885 et
335 1824 462 1900 signum
488 1828 536 1885 eet
562 1824 672 1904 gratia
700 1841 771 1903 quae
800 1824 960 1887 confertur
988 1826 1029 1886 ad

91 1908 250 1982 uniendos
277 1919 449 1999 conjugum
476 1920 609 1995 animos,
638 1919 771 1999 proinde
800 1938 871 1981 eam
895 1921 1027 1983 confert.

91 2021 164 2081 Uno
185 2017 283 2080 verbo
305 2020 352 2079 est
372 2016 507 2096 signum,
530 2014 653 2077 ratione
674 2019 867 2093 contractus,
891 2017 1027 2094 unionis,

90 2114 230 2190 vinculi,
261 2112 499 2192 conjunctionis.
530 2112 613 2190 lirgo
644 2110 881 2173 matrimonium
907 2113 1029 2176 ratione

90 2210 212 2271 vinculi
226 2213 258 2271 et
271 2213 450 2271 conuectos
465 2211 512 2270 est
525 2210 771 2269 sacramentum.

133 2307 198 2370 Sed
213 2305 378 2386 quidquid,
389 2303 529 2384 qoodad
544 2309 815 2366 sacramentorum
824 2304 965 2368 valorem
979 2307 1030 2367 vei

91 2401 398 2464 administrationem
411 2399 570 2479 respiciat,
583 2398 695 2460 aoivili
706 2401 861 2478 potestate
873 2402 1029 2464 substrac-

91 2502 161 2559 tum
185 2497 236 2573 sit,
261 2496 407 2575 potestati
429 2495 648 2557 ecclesiastica
671 2496 860 2576 relinquitur
880 2497 1030 2560 delinien-

92 2595 179 2653 dum.
196 2592 280 2673 Ergo
295 2591 449 2673 quidquid
463 2592 610 2670 estquod
625 2591 786 2654 vinculum
798 2593 1029 2655 matrimoniale

92 2690 143 2750 vei
159 2692 366 2764 contractum,
383 2688 434 2748 vel
449 2688 701 2748 contrahendum
715 2687 873 2766 respiciat,
893 2687 1028 2765 juraque

92 2788 125 2847 et
138 2783 345 2864 obligationes
359 2783 433 2844 inde
448 2789 518 2844 orta
530 2783 572 2844 cd
586 2783 735 2845 iioolesiae
746 2782 914 2864 judicium,
930 2780 980 2840 vei
995 2788 1030 2840 ut

92 2881 251 2959 dogmatis
265 2879 427 2959 magistra,
439 2880 489 2938 vei
504 2878 721 2956 utdisciplinae
735 2876 928 2940 moderatrix
941 2893 1028 2954 spec·

92 2975 185 3038 tabit.

133 3075 224 3134 Hauc
239 3076 345 3131 autem
364 3072 553 3150 potestatem
572 3087 636 3132 non
658 3069 754 3130 habet
772 3066 946 3146 aprinoipe
960 3085 1032 3128 mu-

92 3170 227 3242 tuatam,
243 3165 299 3226 sed
317 3166 472 3246 propriam
494 3173 522 3226 et
542 3166 683 3226 anticam.
702 3165 750 3224 ite
772 3163 868 3224 etiam
888 3163 1031 3244 sequitur

92 3279 132 3320 ex
144 3258 242 3339 pnmo
255 3259 350 3338 rapite
362 3257 397 3319 de
409 3259 598 3320 matrimonio
614 3258 644 3316 ic
656 3276 710 3318 suo
723 3257 843 3319 essentia
857 3258 973 3320 mccli.

132 3355 375 3416 conclusionem
406 3355 485 3416 vidit
520 3354 667 3417 Calvinus
709 3355 774 3434 (lib.
810 3357 870 3433 IV,
909 3356 1027 3430 instit,

93 3470 120 3513 c.
138 3467 203 3528 xrx,
221 3449 316 3531 §liiz
333 3452 389 3512 uhi
401 3452 499 3514 semei
518 3450 682 3519 obtinuere
704 3451 849 3514 catholici
870 3453 1031 3515 matrimo-

93 3547 183 3608 nium
204 3565 274 3608 esse
294 3553 539 3624 sacramentnm,
556 3546 771 3627 conjugalium
791 3566 959 3610 causarum
981 3562 1031 3606 co-
