2442 4125
324 336 363 379 DE
385 336 513 383 OBJEGTO
533 336 618 383 cunis
640 337 797 384 canonrcl.
989 335 1027 391 ’Π

130 484 169 543 V.
186 477 312 540 Publica
326 480 410 539 enim
420 479 600 559 penitentia,
618 500 688 561 quar
707 501 726 542 a
742 487 886 563 tempore
900 492 1028 566 aposto·

85 580 192 640 lorum
204 594 304 657 nsque
315 575 356 636 ad
367 574 505 637 Montani
516 576 810 640 haeresimsecundo
820 598 894 644 acac.
905 588 1025 661 natam,

86 694 148 737 neo
166 679 291 751 tempus
310 691 369 733 neo
387 673 515 734 modum
535 673 779 738 determinatum
800 677 948 757 habebat,
970 682 1026 742 sed

86 770 309 849 episcoporum
336 767 465 828 arbitrio
493 774 525 828 et
551 769 727 846 prudentiae
754 770 910 850 permissa
936 780 1023 847 erat;

87 865 217 947 quando
233 868 338 927 autem
349 864 545 927 Montanistee
555 865 843 956 coeperuntdooere
853 868 1027 930 Ecclesiam

86 982 154 1025 non
166 962 283 1023 habere
293 964 480 1041 potestatem
489 962 671 1024 remittendi
683 963 829 1044 quadam
839 968 871 1027 et
879 967 1028 1045 graviora

87 1057 233 1134 crimina,
246 1060 277 1118 et
290 1060 361 1135 post
374 1074 428 1118 eos
443 1058 612 1120 Donatista>
627 1058 711 1121 cirea
723 1060 864 1121 medinm
878 1080 950 1123 saec.
965 1066 1026 1124 ter-

85 1154 170 1217 tium
192 1152 386 1215 Montanistis
408 1152 547 1232 adjuncti
571 1157 662 1230 sunt,
687 1156 805 1216 sensim
827 1158 1027 1221 severissima

87 1250 175 1311 facta
202 1253 250 1311 est
277 1248 451 1327 disciplina,
477 1243 510 1311 ei
533 1249 660 1327 publica
685 1250 870 1329 poenitentia
894 1253 1026 1315 solemni

88 1346 230 1427 quodam
244 1346 338 1407 modo
354 1344 562 1407 determinata
576 1350 633 1423 est,
650 1350 685 1409 ut
701 1347 770 1425 ipsa
788 1349 915 1427 publica
929 1351 1026 1411 eccle·

87 1446 145 1505 siae
167 1442 331 1521 disciplina
351 1442 578 1520 exprimeretur
598 1445 737 1520 potestas
755 1444 902 1506 Ecclesiae
921 1446 1025 1505 remit·

86 1538 177 1602 tendi
199 1538 292 1601 etiam
314 1538 461 1617 graviora
481 1537 611 1617 flagitia,
637 1543 668 1601 et
690 1540 783 1599 simul
807 1545 1026 1600 occurreretur

87 1635 229 1697 dicteriis
248 1633 529 1709 schismaticorum,
547 1634 600 1714 qui
619 1634 784 1697 ecclesiam
801 1634 841 1695 de
861 1635 958 1699 nimia
977 1654 1026 1697 rc-

88 1730 278 1793 conciliandi
291 1730 395 1808 lapsos
409 1728 556 1791 facilitate
571 1730 830 1793 criminabantur.

129 1827 293 1889 Institutus
303 1843 378 1906 ergo
390 1829 437 1886 est
451 1825 529 1886 ordo
538 1825 643 1887 laicali
652 1828 872 1888 communione
882 1827 1023 1905 inferior,

86 1928 120 1987 in
147 1940 241 2003 quem
263 1922 432 2003 penitentes
455 1921 686 2000 redigerentur,
716 1924 770 2003 qui
797 1923 903 2003 aliquo
930 1942 1026 1985 sensu
1123 1984 1126 1987 ,

87 2022 255 2100 praestaret
282 2017 459 2081 conditione
486 2016 612 2079 illorum
637 2018 690 2098 qui
719 2019 768 2080 vel
795 2020 827 2080 in
853 2020 1027 2082 Ecclesiam

86 2113 253 2196 nunquam
274 2119 378 2176 essent
399 2115 555 2194 coaptati,
576 2115 627 2176 vel
647 2115 687 2176 ab
710 2116 921 2178 ecclesiastiea
941 2133 1027 2177 oom—
1080 2133 1084 2138 ’

86 2213 239 2276 munione
253 2213 389 2293 separati
404 2212 536 2274 inissent
549 2231 556 2273 ε
568 2214 601 2273 hi
615 2214 665 2274 vel
680 2230 842 2293 nunquam
851 2213 1026 2293 acquisive-

86 2317 161 2376 rant
178 2312 251 2392 jura
271 2311 447 2374 christianae
470 2312 709 2390 communionis,
728 2312 782 2372 vel·
797 2313 835 2373 iis
855 2314 897 2375 ob
919 2318 1025 2376 contu·

86 2411 217 2471 meliam
232 2413 286 2469 aut
299 2408 339 2469 ob
353 2409 542 2488 gravitatem
561 2411 699 2471 oriminis
713 2414 804 2472 erant
817 2412 950 2490 privati3
968 2411 1023 2472 sed

86 2507 219 2570 suberat
237 2506 396 2566 communi
414 2505 656 2566 christianorum
676 2508 899 2577 communioni,
918 2513 1026 2588 quate·

87 2622 149 2664 nus
164 2602 345 2665 exercitium
361 2600 545 2664 eorumdem
560 2601 679 2682 jurium
693 2603 744 2663 vel
760 2604 960 2665 imminutum
973 2605 1024 2665 vel

86 2698 231 2759 ablatum
252 2699 343 2772 esset,
367 2696 411 2758 ita
431 2700 476 2772 nt,
498 2694 571 2758 licet
590 2697 779 2774 poenitentes
801 2705 906 2756 essent
926 2697 1025 2756 chris-

85 2795 180 2870 tiani,
207 2795 239 2853 in
262 2792 473 2854 conditionem
495 2791 728 2854 catechumenis
751 2809 950 2853 communem
973 2793 1024 2851 vel

87 2891 185 2952 etiarn
199 2888 380 2949 inferiorem
394 2887 623 2967 redigerentur.
648 2889 816 2966 Quousque
830 2885 926 2964 igitur
940 2886 1025 2947 stetit

86 2986 158 3046 haec
168 2984 294 3064 publica
305 2987 336 3046 et
344 2984 492 3046 solemnis
502 2984 698 3062 poenitentia,
710 2983 742 3042 in
752 2985 817 3044 tres
827 2979 952 3041 ordines
963 2982 1024 3042 dis-

85 3081 313 3160 tinguebantur
335 3081 506 3157 ohristiani,
528 3077 677 3141 videlicet
693 3079 726 3139 in
747 3075 874 3156 clericos,
891 3075 979 3138 laicos
993 3083 1025 3140 et

83 3176 267 3258 prenitentes.

125 3274 352 3336 Poenitentinm
373 3277 506 3355 quatuor
524 3275 614 3334 erant
632 3271 791 3334 stationes.
810 3273 933 3334 Primus
951 3293 1025 3354 gra-

85 3372 145 3432 dus
166 3369 340 3431 Vocabatur
360 3371 462 3446 fletus,
478 3377 634 3442 προκλαύσις,
653 3367 731 3429 alter
752 3367 882 3445 auditio,
899 3377 1024 3443 ἀκρόασις,

83 3467 197 3530 tertius
224 3465 427 3542 substractio,
456 3473 604 3534 ὑπόπτωσις,
640 3467 770 3543 quartus
805 3464 1022 3537 consistentia,

82 3571 211 3628 'edacem
233 3595 274 3608 —-
295 3557 419 3625 Flentes
439 3568 527 3624 extra
543 3565 667 3641 portam
684 3562 805 3641 templi,
826 3561 884 3621 sub
903 3560 955 3620 dio
974 3557 1024 3617 vel
