2442 4125
181 297 241 357 ι230
354 310 356 319 ‘
389 304 896 353 1usrrrurrouassua1scsuourc1.

181 456 362 519 trimonium
376 454 417 515 ad
432 452 664 533 separationem
677 452 760 515 thori
770 457 900 532 propter
907 454 1111 532 adulterium,

180 552 266 613 solus
288 551 330 611 ad
353 549 566 611 accusandum
589 548 780 624 admittitur,
805 549 918 629 conjux
946 550 1111 625 innocens,

182 648 256 728 quia
279 645 372 725 hujus
395 648 528 716 tantum,
553 662 618 705 uon
638 648 745 706 autem
765 645 894 706 alterius
914 646 1055 707 interest.
1081 648 1114 710 Si

181 762 256 805 vero
275 746 388 822 agatur
409 742 450 801 ad
471 740 703 819 separationem
723 739 840 799 vinculi
860 740 1111 816 matrimonialis,

181 841 222 901 ob
244 839 337 919 hujus
359 838 478 899 scilicet
498 836 684 911 nullitatem,
705 838 834 913 propter
851 835 1113 914 impedimentum

181 933 460 1013 consanguinitatis
483 950 513 993 v.
544 950 575 1010 g.
605 930 708 1009 primo
736 929 877 991 omnium
904 930 1114 992 admittuntur

181 1034 328 1109 parentes
349 1028 388 1088 ad
409 1027 633 1097 accusandum,
654 1031 686 1086 et
703 1026 752 1085 his
771 1024 988 1088 deficientibus
1006 1027 1114 1103 proxi-

181 1127 295 1186 miores
320 1122 556 1204 consanguinei,
586 1138 624 1181 ac
651 1124 723 1198 post
749 1122 806 1181 hos
835 1120 932 1181 etiam
958 1122 1110 1196 extranei,

181 1219 355 1297 prasertim
377 1202 581 1291 maturiores,
607 1219 639 1276 et
658 1215 850 1293 antiquiores
871 1214 1008 1287 viciniae3
1033 1216 1111 1277 etsi

180 1312 351 1393 conjugum
365 1317 488 1374 tautum
501 1312 625 1373 intorsit
638 1310 755 1386 valere,
772 1311 821 1372 val
835 1328 898 1371 uon
918 1311 1024 1372 valere
1044 1330 1114 1373 ma·

180 1411 373 1487 trimouium,
389 1410 439 1470 vel
454 1409 480 1469 si
494 1408 755 1486 impedimentum
770 1408 820 1485 sit,
840 1408 873 1469 in
892 1426 954 1490 quo
973 1427 1008 1469 se-
1025 1410 1112 1488 ipsos

177 1509 289 1589 juvare
312 1508 444 1584 possunt
466 1502 629 1583 conjuges,
652 1502 697 1565 uti
716 1506 763 1563 est
783 1504 1044 1582 impedimentum
1065 1524 1114 1565 er·

181 1601 271 1675 roris,
287 1598 478 1677 impotentia
495 1617 522 1658 v.
540 1616 570 1676 g.
588 1597 647 1658 soli
668 1597 819 1677 conjuges
837 1598 878 1660 a'd
896 1602 1113 1663 accusandum

180 1696 396 1770 admittuntur,
422 1712 493 1755 cum
516 1693 547 1753 hi
568 1692 700 1772 possint,
723 1693 835 1754 sinon
858 1694 958 1755 velint
981 1699 1016 1756 ut
1037 1714 1112 1757 con-

176 1789 280 1867 juges,
301 1787 413 1849 saltem
433 1793 468 1850 ut
489 1788 596 1865 frater,
620 1793 652 1848 at
671 1805 762 1849 soror
780 1788 973 1851 cohabitare.
994 1792 1112 1851 Omnes

180 1890 297 1961 autem,
314 1884 368 1962 qui
381 1884 590 1947 admittuntur
603 1885 645 1945 ad
659 1884 883 1959 accusandum,
901 1883 1113 1948 admittuntur

179 1984 273 2045 etiam
287 1982 328 2043 ad
342 1982 576 2045 testificandum
588 2000 658 2061 pro,
674 1980 725 2054 uel
740 1986 850 2041 contra
859 1981 1109 2061 matrimonium,

179 2078 350 2141 dummodo
366 2079 443 2140 alias
456 2079 519 2139 siut
532 2077 639 2138 idonei
651 2079 759 2153 testes,
774 2077 821 2137 ita
832 2083 939 2138 tamen
958 2082 993 2139 ut
1014 2079 1111 2140 etiam

180 2177 336 2250 parentes,
354 2178 385 2234 et
398 2172 636 2251 consanguinei,
660 2178 734 2247 etc,
755 2172 787 2231 in
807 2191 904 2233 causa
921 2176 1113 2253 consangui-

179 2271 284 2329 nitatis
304 2287 334 2328 v.
358 2289 390 2346 g.
412 2270 574 2332 testificari
594 2271 724 2348 possint,
747 2273 843 2348 prout
860 2271 996 2332 sumitur
1015 2274 1113 2335 etiam

179 2381 217 2422 ex
232 2379 258 2422 o.
282 2361 400 2421 Videtur
412 2366 442 2439 3,
466 2364 498 2424 h.
522 2370 545 2424 t.
568 2364 652 2443 (cum
670 2365 749 2426 tales
767 2366 945 2443 praesertim
960 2369 1113 2446 genealo-

178 2456 263 2536 giam
278 2472 368 2516 suam
382 2473 473 2518 nosse
484 2458 674 2537 videantur),
687 2459 813 2522 etidem
822 2462 998 2538 possitesse
1008 2465 1109 2539 testis,

179 2549 233 2630 qui
247 2548 306 2610 fuit
320 2555 494 2628 accusatur,
511 2554 565 2614 aut
578 2551 791 2630 denuntiator,
803 2560 898 2633 prout
907 2556 1051 2618 axvariis
1058 2557 1111 2638 ju·

178 2649 265 2710 ribus
280 2667 365 2710 caus.
382 2651 432 2726 35,
450 2668 481 2729 q.
497 2653 528 2726 6,
544 2654 641 2728 patet.

219 2745 344 2821 Quinam
357 2753 424 2806 sunt
437 2743 599 2825 repellendi
615 2747 656 2808 ab
675 2742 877 2810 accusatione
895 2750 1111 2812 matrimonii?

218 2841 446 2920 Respondetur‚
473 2841 581 2921 repelli
607 2842 725 2904 debant
746 2843 847 2921 primo
869 2842 910 2906 ab
930 2846 1109 2907 accusando

177 2937 423 3010 matrimonium,
454 2937 507 3016 qui
535 2940 665 3016 propter
692 2941 847 3016 quaestum
875 2940 1109 3001 accusationem

176 3032 342 3107 intentant,
360 3049 387 3092 c.
405 3031 608 3111 significante
623 3033 656 3107 5,
671 3030 703 3090 h.
724 3035 747 3092 t.
769 3048 842 3092 cum
859 3032 931 3092 talis
950 3033 1108 3094 accusatio

177 3145 239 3184 non
260 3125 315 3188 fiat
337 3145 375 3186 ex
395 3127 478 3187 bono
499 3126 577 3202 zelo,
601 3129 633 3186 et
653 3125 878 3187 collusionibus
897 3126 1033 3187 obnoxia
1055 3129 1106 3189 sit.

178 3221 323 3281 Secundo
338 3221 447 3298 repelli
463 3221 589 3297 debent,
606 3221 648 3282 ad
662 3223 778 3282 multas
791 3221 919 3283 fraudes
937 3224 1106 3299 cavendas,

177 3309 231 3391 qui
244 3313 386 3389 tempora
401 3315 570 3392 praemissae
586 3315 831 3378 denuntiationis
845 3317 965 3378 seilicet
976 3317 1110 3395 impedi-

176 3407 329 3479 mentum,
345 3409 522 3486 taouerunt,
540 3410 598 3471 nisi
613 3411 813 3488 postmodum
823 3413 958 3489 probent
967 3429 1056 3473 suam
1067 3413 1109 3472 de

176 3498 465 3562 denuntiationibus
487 3503 712 3583 ignorantium,
735 3510 790 3567 aut
813 3505 931 3585 jurent,
961 3507 1048 3585 quod
1075 3508 1110 3569 in
