2442 4125
363 348 401 392 un
423 347 550 393 assuero
572 348 654 393 rums
676 348 830 393 canorum.
1007 340 1060 397 ms

131 495 326 574 distinguere
335 492 727 554 deberemusiulervotum
736 494 868 575 simplex
876 496 1062 560 etsolemne.

132 594 207 654 Haeo
223 590 378 652 distinctio
392 593 459 651 tota
469 589 550 670 juris
564 588 766 651 ecelesiastici
782 596 838 668 est,
855 611 910 653 seu
922 597 956 655 ut
970 595 1068 656 hehet

132 687 311 748 Bonifuoius
333 688 402 747 VIII
419 685 500 765 (oep.
517 686 582 746 unI.
599 686 639 747 de
654 688 735 750 Veto
749 687 782 747 in
795 687 839 766 6⁰)
858 709 864 749 :
887 689 952 750 Voti
965 690 1066 751 solem-

133 781 212 841 nitas
229 800 267 841 ea
282 779 341 839 sela
355 778 553 839 constitutione
566 778 709 840 Ecclesiae
722 787 763 840 est
776 780 903 856 inuento,
918 781 1068 841 videlieet

134 876 243 936 dixere
258 874 435 936 seholestioi
455 877 562 935 votum
583 873 722 935 solemne
742 876 892 937 eastitatis
906 876 1003 938 illud:
1020 878 1070 937 eni

135 970 303 1052 beneficiam
318 970 550 1047 consecrationis,
560 970 606 1030 uel
617 970 797 1050 propositum
811 971 961 1051 retipr'onis
975 990 1067 1032 aeres-

134 1064 217 1141 serit,
234 1068 270 1123 ut
288 1062 384 1124 hehet
402 1062 568 1123 Gratianus
584 1062 636 1142 (ud
656 1081 725 1124 oen.
741 1068 771 1125 8.
791 1065 862 1127 disi.
878 1066 942 1143 27),
958 1084 1015 1127 seu
1034 1070 1069 1128 ut

136 1159 319 1238 explicatius
339 1163 370 1221 et
388 1158 504 1219 elarius
521 1159 618 1219 hehet
636 1158 814 1221 Bouiiaeius
829 1163 898 1225 VIII
914 1163 995 1243 (oep.
1012 1181 1066 1223 uu.

136 1256 177 1316 de
192 1256 302 1335 Volo);
326 1254 404 1335 qood
428 1255 647 1316 solemnizatum
674 1255 768 1335 fuerit
787 1275 842 1336 per
861 1260 1069 1339 susceptionem

135 1348 246 1410 ordinis
260 1348 347 1422 sueri,
363 1357 414 1408 ant
422 1366 478 1428 per
488 1348 698 1429 professionem
715 1350 826 1429 saetam
847 1352 938 1413 alieni
950 1352 987 1414 de
999 1352 1071 1414 reli-

136 1446 269 1525 pionitus
286 1464 340 1525 per
357 1444 451 1505 sedent
472 1444 658 1525 apostolicam
681 1445 866 1526 adprobatis,
893 1449 982 1529 eujus
1001 1469 1070 1530 pro-

136 1540 234 1620 fessio,
250 1542 285 1600 ut
299 1538 433 1615 explieat
445 1538 583 1598 Ioannes
598 1538 682 1597 XXII
697 1537 836 1617 (Extruv.
849 1537 914 1599 uui.
927 1540 967 1598 de
977 1539 1070 1617 Veto)

137 1632 178 1694 ad
193 1633 333 1693 eastitatis
346 1632 502 1693 custodiam
517 1639 544 1692 et
557 1630 767 1694 abdicationem
785 1633 988 1712 temporalium
1005 1651 1072 1692 suos

137 1729 314 1810 professores
341 1727 516 1799 adstrinxit,
541 1745 611 1807 quae
633 1746 696 1789 uon
720 1729 877 1791 habentur
899 1730 932 1790 in
952 1728 1072 1809 profes·

138 1826 227 1887 sione
242 1826 419 1905 aliquorum
433 1824 616 1885 militarium
630 1824 787 1902 ordinum,
805 1831 837 1887 et
850 1826 933 1889 tertii
952 1825 1072 1887 ordinis

140 1924 187 1985 St.
204 1922 361 1984 Freueisoi
374 1927 406 1984 et
419 1920 584 1983 Dominiei.

180 2021 259 2083 Cum
283 2022 389 2082 eutem
408 2018 577 2080 recentiori
592 2015 676 2097 jure,
692 2018 858 2096 approbati
878 2020 941 2080 sini
959 2037 978 2080 a
997 2019 1072 2079 sede

140 2116 313 2195 apostolice
327 2117 422 2178 elium
435 2115 487 2176 alii
503 2115 629 2190 ordines
643 2114 696 2196 qui
711 2132 774 2174 nou
790 2114 908 2175 habeut
927 2119 1072 2176 votorum

141 2213 390 2289 solemnitatem,
414 2211 470 2272 sed
496 2215 620 2274 tentum
646 2211 678 2270 iu
706 2210 900 2290 professione
927 2211 1075 2272 emittunt

125 2314 215 2372 ‘vote
236 2309 400 2388 simplieie,
417 2312 448 2371 et
469 2314 577 2370 votum
601 2309 751 2371 eastitatis
765 2326 828 2369 uon
843 2309 977 2389 emplius
1001 2312 1074 2370 unte

142 2406 373 2485 suseeptionem
401 2421 562 2465 suesorum
583 2403 729 2463 ordinum
754 2403 898 2482 exigetur
923 2404 1014 2484 (odeo
1040 2408 1076 2462 ut

142 2503 288 2564 videatur
305 2501 408 2581 potius
429 2499 506 2560 ordo
525 2517 616 2560 secer
634 2499 755 2578 exlege
774 2500 933 2576 Ecclesiae,
949 2515 1075 2577 eompu-

144 2603 230 2659 retus
245 2596 339 2659 stetui
354 2595 491 2675 religiosi
507 2595 561 2675 qui
574 2595 733 2672 professus
754 2595 849 2655 fuerit
868 2599 943 2655 vota
962 2595 1075 2653 solem-

145 2691 198 2751 nie
216 2689 322 2771 quoad
347 2691 494 2750 effectum
516 2687 707 2748 matrimonii
732 2686 956 2761 oontrnhendi,
980 2702 1074 2762 quum

144 2787 270 2868 proprie
289 2785 407 2846 habere
427 2785 585 2846 adnexum
603 2787 712 2845 votum
733 2785 870 2844 solemne
892 2780 1073 2860 eastitatis),

144 2901 310 2962 possumus
326 2882 430 2942 diuere
444 2885 553 2943 votum
566 2880 717 2957 solemne,
732 2880 810 2941 illud
825 2879 908 2959 quod
924 2877 1077 2938 emIttItnr

144 2980 176 3038 in
191 2978 384 3058 professione
398 2977 557 3057 religIonis
571 2995 592 3038 u
609 2977 684 3037 sede
704 2976 875 3055 apostoliea
893 2973 1076 3054 approbate

146 3093 218 3136 oum
240 3075 380 3135 ulnusulu
401 3078 432 3135 et
451 3073 599 3136 feuultute
628 3073 792 3134 emilteudi
814 3078 888 3134 vota
911 3072 1075 3148 solemnio,

146 3177 261 3232 eoeteru
281 3181 387 3232 eutem
409 3174 483 3232 vote
495 3170 546 3230 vel
560 3171 592 3230 in
607 3171 758 3250 religione
772 3170 823 3230 vel
845 3175 934 3231 extre
954 3169 1079 3250 religio-

148 3285 223 3328 num
238 3268 351 3329 emisse
365 3284 432 3327 esse
447 3270 520 3328 vota
533 3266 697 3345 simplicia.

187 3365 265 3424 Cum
280 3366 386 3424 autem
402 3360 565 3424 Soeietet'is
574 3363 650 3423 lesu
661 3362 898 3423 constitutiones
912 3361 1081 3423 admittant

147 3457 304 3536 duplicem
319 3457 558 3536 professionem
576 3458 671 3518 elium
690 3458 836 3519 videlieet
849 3459 955 3518 miuus
968 3457 1082 3518 solem-

149 3571 222 3614 nem
242 3561 312 3631 post
332 3554 500 3615 triennium
522 3554 731 3633 probationis,
754 3556 785 3615 in
809 3573 872 3634 que
897 3555 1084 3615 emittuntur

240 3665 305 3704 ron.
325 3667 356 3704 u.
962 3650 993 3704 11
