2442 4125
200 334 250 393 es
421 344 650 392 rusam-errones
671 346 753 392 roais
776 345 931 392 canorum.

212 510 291 571 copo
315 490 365 553 vel
389 508 461 551 oum
484 507 521 550 eo
545 490 655 551 Missas
676 490 965 560 celebraresolitos
989 510 1074 568 esse,
1102 496 1149 556 vel

211 589 347 668 denique
363 604 425 647 non
440 586 615 645 celebrasse
637 586 693 646 sed
711 585 751 645 de
771 585 838 665 ejus
857 585 1003 648 manibus
1022 591 1149 651 iducba-

211 685 331 748 ristiam
346 681 542 762 accipiebant
557 681 686 763 (Bened.
703 683 784 759 XIV,
801 682 855 743 lib.
872 683 911 757 ll,
928 683 980 758 lll,
999 684 1084 764 vll).
1202 696 1206 703 '

251 781 370 843 Deinde
385 798 460 841 vero
474 778 548 840 licet
561 778 702 858 generali
715 777 896 855 disciplina,
914 796 982 857 qna
992 782 1148 857 permitti-

211 883 262 941 tur
275 879 373 940 cnivis
388 875 542 937 sacerdoti
557 875 686 935 Missam
704 872 863 933 celebrare
883 873 910 933 si
930 874 1008 934 nibil
1030 876 1146 953 obstet,

211 976 340 1038 arbitrio
356 976 575 1054 episcoporum
590 971 695 1050 aliquo
710 969 804 1030 modo
824 969 1012 1049 derogatum
1032 974 1087 1049 sit,
1107 975 1148 1034 ita

211 1078 328 1134 utnon
350 1070 449 1150 possit
470 1086 549 1129 nnus
570 1067 621 1127 vel
642 1066 720 1126 alter
744 1065 909 1144 episcopus
930 1082 963 1125 se
985 1082 1147 1145 opponere

210 1164 351 1247 generali
365 1163 548 1243 disciplinae,
564 1163 672 1223 tamen
687 1162 807 1220 certum
826 1160 875 1220 est
891 1158 976 1237 quod
992 1158 1048 1238 jus
1065 1180 1147 1239 pres-

210 1260 352 1341 byterale
373 1260 603 1321 Euobaristiam
622 1254 774 1318 offerendi
794 1253 1029 1315 moderandum
1050 1258 1104 1332 sit,
1120 1258 1147 1316 et
1208 1273 1209 1342 ἦ

210 1360 306 1421 etiam
319 1358 352 1418 in
366 1357 426 1418 hoc
441 1352 614 1415 ministerio
629 1352 784 1431 episcopis
797 1345 975 1429 presbyteri
995 1352 1062 1413 sint
1076 1354 1147 1413 sub

212 1455 294 1517 'acti

206 1476 219 1535 J
250 1547 339 1622 Quod
354 1546 490 1627 pertinet
503 1544 544 1605 ad
558 1543 661 1621 ritem,
678 1540 867 1618 essentialia,
877 1546 913 1602 ut
926 1542 1146 1606 demonstrant

209 1646 359 1723 theologi,
383 1643 557 1703 consistunt
577 1640 609 1700 in
632 1639 736 1700 debita
758 1637 890 1699 materia
913 1643 946 1697 et
967 1636 1086 1702 forma.
1109 1644 1146 1701 At

209 1742 315 1822 plures
329 1738 470 1799 Ecclesia
483 1737 561 1795 ritus
576 1734 729 1814 adjunxit,
745 1734 851 1812 plures
864 1750 986 1811 preces,
999 1739 1037 1797 ut
1051 1738 1145 1797 moris

209 1836 258 1897 sui
272 1834 329 1896 luit
342 1833 375 1892 in
390 1829 659 1891 administratione
673 1830 954 1902 sacramentorum,
972 1828 1040 1889 sive
1060 1836 1098 1890 ut
1114 1831 1145 1890 fi-

210 1932 283 1994 dem
297 1932 387 1990 suani
401 1924 626 2001 manifestaret,
643 1925 708 1985 sive
723 1925 758 1983 ut
772 1923 953 2001 disponeret
967 1923 1009 1983 ad
1026 1932 1145 1986 rectam

209 2046 320 2092 eorum
339 2024 593 2101 celebrationem,
613 2022 678 2083 sive
700 2020 740 2082 ad
763 2019 909 2081 decorem
930 2019 1041 2097 ipsius.
1064 2022 1144 2085 Ordo

208 2143 339 2207 precum
350 2128 381 2188 et
391 2121 650 2186 caeremoniarum
661 2115 802 2178 omnium
814 2117 846 2175 in
863 2116 957 2176 Missa
969 2119 1144 2177 servandus

205 2222 395 2304 jamdudum
416 2238 436 2280 a
454 2219 564 2298 primis
584 2213 706 2276 saeculis
724 2212 826 2272 dictus
841 2213 889 2272 est
901 2211 1043 2289 liturgia,
1062 2213 1144 2294 quod

207 2321 298 2380 sonet
310 2315 473 2394 publicum
486 2312 704 2373 ministerium.
723 2310 827 2380 Quum
841 2324 916 2386 ergo
932 2312 1144 2370 sacramento
1207 2354 1208 2359 η

206 2430 278 2472 ram
293 2408 461 2470 celebratio
477 2407 590 2467 debeat
600 2407 641 2466 ab
652 2404 864 2466 ecclesiastica
873 2404 1065 2465 auctoritate
1080 2424 1145 2466 mo·

207 2505 323 2580 derari,
345 2503 435 2583 juxta
458 2501 651 2579 approbatos
671 2498 819 2560 Ecclesia
845 2498 923 2558 ritus
946 2499 1014 2559 sive
1039 2499 1143 2580 quoad

207 2609 309 2662 vestes
324 2601 388 2660 sive
404 2597 508 2679 quoad
522 2615 633 2678 preces
648 2598 713 2658 sive
733 2594 839 2674 quoad
857 2597 1066 2658 caeremonias
1082 2616 1142 2659 om-

206 2715 263 2758 nes
278 2697 373 2758 debet
387 2695 550 2758 celebrari.

138 2863 140 2870 ,
194 2869 196 2873 ,
246 2793 309 2855 Sed
325 2810 423 2873 quum
438 2808 500 2851 una
514 2807 577 2850 non
591 2789 632 2848 sit
645 2789 773 2865 recepta
788 2787 821 2846 in
835 2786 984 2848 Ecclesia
999 2788 1139 2869 liturgia,

207 2887 304 2967 quaeri
326 2887 377 2947 bic
396 2882 536 2966 perbelle
557 2884 663 2960 posset
684 2897 780 2960 quam
800 2879 960 2958 liturgiam
980 2882 1014 2941 in
1038 2885 1141 2963 specie

205 2983 351 3044 sacerdos
372 2983 409 3043 in·
426 2976 615 3040 celebranda
634 2977 735 3036 Missae
754 2975 844 3054 sequi
859 2974 984 3039 debeat.
1004 2979 1140 3050 Quaestio

206 3076 273 3137 haec
293 3078 459 3138 resolvitur
478 3075 510 3134 in
532 3073 638 3148 aliam,
664 3071 811 3132 videlicet
832 3070 921 3151 cujus
938 3073 1141 3136 ¹auctoritatis

205 3172 245 3230 sit
263 3171 405 3248 liturgias
426 3169 614 3247 approbare.
632 3170 707 3228 Ilaec
728 3171 834 3229 autem
855 3169 987 3247 questio
1010 3171 1142 3232 solvitur

205 3262 392 3340 applicando
414 3262 552 3322 theorias
565 3262 730 3342 generales
745 3279 823 3341 quas
838 3261 982 3323 dedimus
998 3263 1039 3324 de
1060 3281 1140 3326 aeco-

205 3357 310 3420 nomia
327 3356 552 3435 jurisdictionis
571 3358 791 3418 ecclesiasticae
806 3358 846 3418 ad
862 3358 982 3419 tactam
1000 3361 1139 3439 partiou-

203 3458 281 3531 lare,
297 3454 491 3533 proindeque
502 3456 583 3514 esset
598 3455 756 3533 objectum
766 3457 865 3532 partis
880 3456 1027 3533 specialis
1040 3459 1138 3518 scien-

204 3550 256 3610 tiae
271 3553 397 3623 nostrae,
414 3565 476 3608 non
491 3551 596 3609 autem
610 3549 775 3628 generalis.
798 3549 874 3628 (Sed
893 3567 992 3628 quum
1012 3553 1137 3614 videam
1206 3566 1207 3643 l
