2442 4125
296 358 336 403 on
356 359 485 407 omecro
505 360 589 407 rums
610 361 767 409 11111111.
945 353 1000 411 163

53 522 181 583 nempe
193 504 235 563 ad
250 503 460 564 differendum
473 502 613 583 conjugii
626 509 751 585 tempus
767 527 774 569 :
792 526 841 569 ex.
858 528 907 591 gr.
925 528 1000 572 oon·

52 600 226 661 trahemus
241 603 313 676 post
324 601 389 659 tres
406 616 516 660 annos.

104 696 141 755 ln
157 693 259 773 primo
280 710 354 753 easu
377 693 443 753 dies
464 693 607 773 adjectus
628 695 671 757 nil
692 697 813 758 eonfert
833 700 1002 779 quominus

55 807 145 869 pure
160 788 319 868 sponsalia
333 791 495 850 eontracta
508 788 664 867 dieantur,
682 796 713 851 et
734 792 840 854 statim
858 796 924 872 peti
943 812 1001 873 po-

54 890 129 949 test
146 884 345 962 obligationis
366 884 657 963 adimplementum‚
680 907 718 948 ue
737 892 862 968 tempus
882 890 1002 970 obliga-

57 985 145 1047 tioui
173 983 337 1062 praefixum
363 988 569 1062 pertranseat.
597 985 793 1048 Advenieute
820 990 927 1050 autem
950 988 1000 1049 die

56 1080 259 1159 perimenda
273 1080 455 1160 obligationi
464 1082 606 1160 praefixo,
624 1084 757 1162 utraque
766 1101 840 1162 pars
848 1083 1000 1147 liberaah

61 1175 259 1255 obligatione
274 1175 389 1237 evadit.

106 1272 216 1333 Solum
238 1272 374 1350 eripitur
396 1289 488 1333 casus
511 1272 593 1352 (oap.
616 1288 694 1349 xxu,
719 1273 758 1335 de
780 1275 913 1355 spons),
937 1293 1001 1357 quo

62 1366 136 1425 dies
150 1364 292 1444 adjectus
304 1365 345 1427 sit
358 1382 430 1425 eum
445 1365 641 1427 restrictione
659 1385 666 1427 :
687 1366 859 1431 dummodo
872 1388 930 1449 per
943 1370 1001 1431 ali-

63 1478 163 1540 quem
176 1476 238 1521 nou
253 1461 374 1521 steterit
387 1462 554 1541 quominus
569 1462 776 1523 oontrahatur
792 1484 799 1525 :
823 1469 897 1526 tuno
917 1467 1001 1526 enim

62 1574 226 1635 parsque
241 1556 301 1618 fuit
312 1558 346 1617 iu
359 1557 463 1635 eulpa,
480 1556 667 1619 adveniente
682 1558 744 1633 die,
757 1559 797 1619 ab
808 1560 1000 1638 obligatione

64 1671 131 1715 non
152 1654 293 1728 solvitur,
316 1671 355 1714 ne
377 1672 416 1713 ex
436 1653 529 1731 eulpa
549 1645 755 1715 commodum
771 1655 904 1729 referat;
928 1655 1001 1717 lieet

2 1746 5 1750 ’
63 1749 130 1811 alia
143 1767 215 1827 pars
229 1748 330 1810 libera
344 1749 467 1810 evadat.
485 1751 560 1811 Haee
573 1752 730 1813 restriotio
745 1752 947 1831 presumitur
961 1773 998 1815 es

62 1845 137 1924 ipso
150 1844 252 1922 eapite
266 1846 372 1907 uitato.

106 1944 176 2001 Non
191 1941 285 2003 debet
298 1942 393 2003 etiam
411 1940 462 2003 hio
481 1959 571 2003 easus
590 1941 739 2002 confundi
759 1960 830 2003 oum
849 1944 911 2004 alia
929 1962 1000 2023 spe-

62 2039 138 2100 eie:
160 2038 381 2100 contrahemus
400 2038 483 2100 infra
503 2054 631 2098 anuum.
657 2038 745 2098 'lune
766 2038 849 2098 euim
869 2056 999 2118 sponsa-

62 2133 148 2192 libus
166 2149 244 2210 pure
265 2132 434 2194 contractis
447 2130 569 2192 aceedit
582 2130 663 2190 alter
676 2134 854 2192 contractus
869 2130 908 2191 de
923 2136 999 2192 tem·
1088 2153 1091 2160 ·

63 2225 997 2306 poreiueuodimatrimonium‚tanquampaotumadjeotum;

63 2341 129 2384 non
142 2341 234 2384 secus
244 2341 282 2383 ao
295 2323 348 2383 ille
362 2322 416 2402 qui
432 2323 595 2400 promittat
608 2321 691 2382 infra
704 2339 821 2382 annum
834 2324 999 2401 pecuniam

63 2421 251 2482 soluturum.
276 2419 309 2482 Si
331 2437 413 2480 anuo
434 2419 543 2496 elapso
567 2436 631 2480 non
654 2417 780 2480 solvens
803 2424 929 2499 paetum
954 2421 999 2480 in-

63 2516 169 2595 fregit,
199 2532 262 2574 non
288 2514 362 2576 inde
387 2514 541 2576 liberatur
568 2514 609 2575 ab
639 2513 829 2594 obligatione
856 2516 1000 2578 solvendi

63 2612 241 2691 prineipali.
467 2673 472 2680 ,

103 2708 140 2767 ln
154 2706 253 2766 altero
268 2723 354 2780 1111,
371 2704 494 2766 nonnisi
510 2704 561 2765 die
577 2703 766 2766 adveniente
780 2707 884 2782 potest
894 2705 999 2782 urgeri

63 2802 265 2882 obligationis
279 2800 575 2879 adimplemeutum,
604 2803 636 2861 et
658 2799 750 2860 abeo
774 2799 824 2860 dio
847 2803 999 2876 tanquam

62 2915 141 2976 pure
158 2898 319 2957 eontracta
332 2899 448 2971 esseut,
464 2892 581 2954 debent
594 2893 732 2955 retineri.

102 2996 136 3054 3⁰
151 2993 186 3054 Si
199 2990 413 3053 conditionata
426 2989 543 3050 fuerint
561 2989 730 3068 sponsalia,
751 2987 908 3066 pendente
927 3003 1000 3048 oon-

62 3089 183 3150 ditione
198 3086 319 3147 nullum
329 3086 382 3165 jus
396 3086 447 3146 vel
461 3085 611 3164 obligatio
623 3086 771 3159 nascitur,
784 3081 840 3144 sed
850 3083 918 3144 sola
927 3101 999 3163 spes

61 3183 268 3245 matrimonii.
294 3181 463 3244 Purifieata
485 3199 562 3242 vera
582 3181 773 3256 conditione,
799 3179 872 3242 lieet
895 3180 1001 3260 quoad

62 3281 142 3341 alios
158 3280 289 3341 effeetus
300 3277 400 3358 juset
414 3277 562 3356 obligatio
577 3276 808 3337 retrotrahatur
821 3275 861 3337 ad
875 3280 1000 3354 tempus

62 3377 134 3438 initi
157 3379 356 3449 eontraotus;
383 3374 486 3452 quoad
511 3391 586 3433 vero
615 3373 850 3432 matrimonium
878 3377 1000 3436 eontra·

64 3472 219 3548 bendum,
249 3472 415 3550 purificata
442 3470 633 3545 conditione,
658 3473 826 3530 censentur
848 3474 999 3549 tauquam

67 3573 143 3630 tune
156 3584 238 3647 pure
253 3571 359 3630 essent
371 3567 460 3643 inita,
473 3566 599 3645 quando
615 3566 779 3643 purificata
793 3562 930 3626 conditio
940 3568 997 3638 est,
