2442 4125
186 262 245 322 268
394 269 730 319 1rsr1rur1ounsroa1s
753 268 914 314 cuuomcr.

493 475 506 522 ε
521 469 541 514 1.
556 481 584 514 nr
599 479 650 513 nur
664 479 815 513 caursrrrur.
931 493 944 511 0

227 610 306 672 xlx,
321 605 457 670 Ecclesia
473 621 572 666 annos
593 607 755 681 computet
777 619 842 661 non
863 620 884 662 a
904 602 1028 664 mundi
1053 620 1140 664 urea
1200 606 1217 761 p

186 707 282 780 tione,
295 703 355 766 sed
371 721 389 763 a
403 700 512 763 mundi
532 699 637 778 potius
657 697 887 775 redemptione,
910 715 982 757 non
1003 716 1026 758 a
1047 699 1140 776 primi

187 799 322 861 hominis
337 799 436 860 Adam
449 795 635 856 formatione
651 795 683 854 in
700 810 762 872 quo
778 810 891 854 omnes
911 794 1134 870 peccavimus,
1214 812 1215 821 ¹

186 895 242 956 sed
256 912 275 954 a
289 893 451 955 nativitate
459 891 587 954 secundi
598 875 699 952 idam
709 889 822 950 Christi
832 907 891 968 per
900 907 1009 967 quem
1024 908 1137 953 recon-
1215 849 1217 973 t

186 989 280 1052 oilieti
295 1006 403 1048 sumus
418 990 492 1048 Deo.
519 987 634 1046 Parum
655 985 740 1046 enim
759 985 851 1046 nobis
876 986 971 1047 nasci
999 987 1132 1065 profuit,

187 1085 247 1146 nisi
260 1083 370 1146 redimi
384 1081 561 1161 profuisset.
577 1081 652 1141 AEra
666 1080 761 1159 igitur
773 1080 950 1141 christiana
964 1099 1046 1159 quar
1060 1081 1137 1143 dici·
1215 1080 1217 1144 t

186 1185 237 1240 tur
261 1179 355 1240 hodie
379 1195 443 1240 sera
470 1177 625 1256 vulgaris,
650 1182 698 1236 est
718 1184 793 1236 artas
814 1175 945 1251 Christi,
973 1194 1041 1237 seu
1061 1184 1133 1238 sunt
1215 1194 1217 1199 ·

163 1347 165 1354 Ι
185 1269 260 1329 anni
275 1270 315 1329 ab
330 1269 544 1331 incarnatione
559 1269 607 1330 vel
628 1267 786 1330 nativitate
808 1267 936 1330 Christi.
954 1271 1133 1350 Assumpto
1215 1308 1217 1343 t

186 1366 292 1426 autem
306 1368 446 1443 tempore
471 1381 528 1424 seu
549 1381 632 1427 anno
651 1363 819 1426 nativitatis
840 1363 961 1426 Christi
977 1372 1131 1444 tanquam

187 1461 306 1542 epoohs
321 1460 405 1521 uude
420 1459 494 1520 anni
508 1464 773 1540 computarentur,
799 1479 900 1522 annos
916 1463 976 1539 qui
1004 1462 1129 1525 felicem
1215 1538 1216 1543 ἵ

187 1559 271 1620 illam
285 1558 439 1637 epocham
453 1561 690 1636 processerunt,
707 1555 747 1618 ab
760 1557 874 1618 eadem
883 1559 1017 1635 epocha
1032 1564 1128 1622 retro·

186 1653 328 1715 cedendo
343 1653 466 1731 signore
481 1652 560 1714 solet
573 1655 724 1731 tanquam
739 1670 839 1713 annos
848 1652 1008 1732 primum,
1021 1673 1130 1716 secun-

186 1750 346 1809 dumento
368 1749 523 1811 Christum
548 1753 666 1810 uatum.
686 1751 740 1811 Est
762 1766 839 1828 ergo
861 1749 895 1809 in
916 1751 1077 1813 Ecclesie
1099 1759 1128 1814 et

185 1841 307 1922 vulgari
325 1859 384 1901 usu
399 1842 539 1920 'positum
557 1844 643 1921 quod
661 1843 805 1905 nativitas
828 1844 944 1906 Christi
970 1849 1125 1927 tanquam

77 2005 83 2014 ,
187 1939 329 1998 centrum
343 1933 582 2012 eomputationis
606 1935 670 1996 sive
693 1934 962 2012 antecedentium,
987 1938 1059 1998 sive
1079 1956 1123 2000 se

185 2031 349 2113 quentium
364 2030 550 2093 saeculorum
573 2031 788 2109 constituatur,
812 2031 902 2094 sicuti
922 2032 1048 2097 Christi
1067 2033 1122 2097 ad·

185 2136 297 2192 ventus
324 2130 382 2193 tuit
409 2146 504 2191 eausa
531 2128 638 2189 salutis
673 2128 738 2189 sire
773 2127 1037 2191 antecedentium
1064 2131 1124 2192 sire

185 2223 382 2301 sequentium
398 2222 596 2284 saeculorum.

224 2318 388 2393 Disputant
402 2318 515 2380 eruditi
528 2315 769 2397 chronoiogistae
785 2317 826 2378 de
840 2336 925 2379 anno
949 2320 1119 2383 nativitatis

184 2413 295 2475 Christi
310 2414 444 2491 Domini,
462 2422 493 2476 et
507 2417 701 2495 exploratum
716 2424 764 2479 est
786 2418 933 2479 omnibus
957 2425 1118 2482 auctorem

184 2526 255 2571 aera
276 2509 493 2590 vulgarisque
517 2530 574 2574 nos
597 2514 630 2575 in
651 2513 762 2575 Christi
785 2515 876 2577 annis
895 2517 1114 2579 enumerandis

183 2610 309 2683 utimur,
334 2605 502 2688 deceptum
526 2627 613 2686 esse,
638 2628 710 2672 cum
730 2612 889 2673 Christum
913 2620 1029 2676 natum
1050 2632 1114 2677 esse
1214 2635 1215 2640 ¹

179 2706 327 2785 judicarit
340 2722 424 2767 euno
437 2708 496 2768 753
511 2707 705 2767 Varroniano
718 2708 758 2769 ah
777 2710 855 2771 urbe
879 2708 1021 2789 condita,
1044 2712 1114 2773 dum

182 2807 265 2865 certe
279 2805 351 2882 post
364 2819 481 2862 anuum
495 2804 531 2865 U.
548 2802 580 2863 C.
599 2806 657 2865 749
670 2807 763 2866 natus
777 2822 841 2865 non
855 2811 903 2866 est
920 2824 927 2865 :
945 2805 1010 2865 imo
1027 2806 1112 2867 valdo

180 2900 383 2979 probabiliter
406 2915 488 2957 anno
506 2903 576 2975 747,
600 2902 632 2961 et
653 2900 775 2979 imperii
798 2900 959 2961 Octaviani
982 2902 1110 2981 Augusti
1173 2944 1185 2977 ,

181 2995 339 3077 trigesimo
355 2998 475 3057 ootaro.
492 2992 569 3056 Vide
582 2995 702 3073 Palma,
718 2996 797 3057 Hist.
814 2997 896 3058 hiccl.
921 2998 987 3059 Hoo
1001 2998 1111 3077 probat
1149 2953 1189 3072 t·

180 3090 264 3167 quod
277 3090 351 3150 enni
366 3094 438 3151 ante
452 3104 549 3149 aeram
572 3088 736 3168 vulgarem
750 3090 886 3150 nonsint
900 3106 1026 3166 semper
1038 3088 1108 3148 unni
1212 3137 1213 3144 ,

181 3191 253 3248 ante
277 3188 430 3249 Christum
455 3192 580 3265 natum,
607 3192 638 3248 et
658 3188 742 3266 quod
766 3191 849 3250 esset
869 3185 1055 3265 corrigenda
1076 3191 1106 3245 ut
1147 3178 1170 3214 '

179 3281 269 3341 anuis
284 3282 395 3344 Christi
407 3284 630 3363 responderet3
647 3284 702 3345 sed
712 3284 1007 3365 nonimpeditquod
1017 3299 1104 3344 mens

179 3375 325 3436 Ecclesiae
344 3378 387 3437 sio
401 3380 608 3458 computantis
622 3380 661 3442 sit
675 3398 713 3442 ea
728 3399 823 3461 quam
838 3379 1065 3443 recensuimus.
