2442 4125
206 331 263 390 194
414 338 643 386 memoriosus
662 338 746 386 sunm
768 339 924 386 osnomcr.

205 488 389 568 postularet,
403 485 454 546 uel
476 484 561 565 quod
582 486 713 546 remota
732 483 861 546 familia
880 487 1159 550 consociarentur

205 581 369 661 conjugiis,
398 579 450 641 uel
476 578 601 640 tamiliae
628 579 713 639 inter
738 596 773 638 se
798 578 916 640 dissita
939 584 976 642 et
998 586 1154 657 remota,

204 680 366 757 reciproca
380 675 606 738 consuetudine
621 674 827 738 abstinerent.

246 779 277 836 1ο
291 773 403 836 Primis
416 771 563 834 Ecclesia
576 771 712 848 saculis,
728 789 769 830 ue
785 776 1029 850 opponerentur
1041 775 1158 839 obsta·

205 873 276 932 cula
296 868 503 933 matrimoniis
523 867 785 943 christianornm,
811 885 884 927 cum
904 886 945 928 ex
967 870 1039 931 alia
1057 879 1157 950 parte

205 966 362 1028 connubia
382 981 454 1026 cum
473 964 620 1044 gentibus
639 968 729 1025 erant
748 964 930 1041 interdicta,
950 985 1030 1046 quae
1052 972 1156 1030 maxi-

205 1081 290 1122 mam
300 1061 415 1120 civium
425 1065 547 1139 partem
558 1060 800 1136 constituebant,
811 1061 958 1122 videmus
968 1064 1158 1126 Ecclesiam

205 1157 400 1239 paucissimis
425 1156 576 1236 gradibus
600 1157 661 1217 hee
683 1157 910 1236 impedimenta
932 1163 1152 1223 contraxisse.

205 1258 297 1315 Forte
307 1255 452 1333 cognatio
463 1252 615 1315 naturalis
625 1271 688 1314 non
698 1253 781 1314 ultra
789 1252 950 1315 modam
957 1257 1017 1316 vel
1031 1258 1156 1319 mirera

203 1351 440 1430 generationem
454 1349 617 1427 probibuit
630 1349 766 1426 nuptias.

243 1448 276 1505 2⁰
291 1444 354 1506 Sed
368 1442 453 1503 circa
466 1443 618 1503 seculum
631 1459 690 1504 v111
703 1443 849 1504 videmus
862 1449 1069 1521 protractam
1082 1466 1154 1528 pro

205 1541 390 1604 bibitionem
411 1538 593 1618 nuptiarum
611 1557 712 1618 nsque
732 1539 774 1600 ad
790 1540 945 1619 septimam
962 1544 1156 1621 generatio·

205 1657 277 1700 nem
291 1636 453 1712 inclusive,
463 1637 498 1696 ut
511 1634 633 1696 rariora
645 1636 759 1696 fierent
770 1636 930 1697 connubia
943 1656 1051 1715 penes
1068 1640 1152 1701 indi·

203 1751 302 1812 genas
315 1737 347 1794 et
360 1731 401 1792 ad
416 1737 539 1790 exteras
553 1730 783 1793 diffunderetur
795 1731 943 1794 maritas.

243 1831 276 1888 3ο
295 1830 336 1888 At
354 1825 469 1887 saeculo
488 1841 557 1900 x111,
578 1827 726 1905 cognatio
743 1827 790 1888 ita
805 1833 966 1906 protensa,
989 1846 1059 1889 non
1082 1837 1152 1891 erat

204 1923 338 2003 amplius
365 1921 550 1984 coordinata
573 1921 816 1984 circumstantiis
841 1929 1038 2004 temporum.
1068 1929 1151 1987 Nam

204 2023 330 2100 Europa
343 2020 375 2081 iu
389 2021 438 2081 tot
450 2036 549 2097 parve
562 2036 661 2098 regna
679 2019 786 2081 decisa
807 2024 886 2100 quot
902 2026 996 2084 erant
1015 2021 1151 2101 provin·

204 2120 260 2179 cim
280 2120 312 2178 et
332 2115 438 2178 omnia
458 2114 616 2175 continuis
632 2114 724 2175 bellis
737 2115 913 2193 sollicitate,
929 2121 962 2177 et
982 2114 1149 2179 coutinuis

203 2213 425 2288 simultatibus
437 2229 500 2272 non
511 2210 666 2290 permissa
673 2210 807 2272 tuissent
816 2212 975 2273 connubia
983 2232 1026 2273 ex
1034 2233 1109 2275 uno
1117 2214 1148 2273 in

204 2305 290 2364 aliud
304 2305 457 2382 regimen,
469 2306 552 2367 intra
564 2323 699 2384 regnum
713 2310 802 2369 extra
813 2308 904 2369 illum
916 2308 1061 2387 gradum
1073 2328 1149 2371 con·

204 2398 287 2459 trebi
314 2415 376 2459 non
403 2404 559 2477 poterant.
588 2402 673 2482 Ergo
691 2406 857 2482 coeperunt
874 2404 1146 2482 dispensationes,

205 2494 318 2575 quibus
331 2511 382 2553 res
396 2494 550 2573 perducta
563 2502 612 2559 est
629 2498 665 2557 ut
679 2498 834 2577 usquead
849 2499 968 2560 tortirac
979 2500 1033 2560 vel
1047 2519 1148 2579 qnar-

205 2602 265 2651 tom
279 2589 414 2672 gradum
428 2592 544 2671 nuptiae
558 2592 826 2672 permitterentur.

243 2688 320 2749 Inde
334 2688 449 2749 saeculo
463 2704 532 2763 xm,
549 2688 717 2750 concilium
730 2692 942 2751 Lateranonse
954 2691 997 2751 1v
1011 2689 1079 2751 snb
1096 2694 1147 2753 lu·

203 2784 348 2845 noeeutio
358 2784 410 2859 111,
423 2785 585 2843 contracta
599 2785 647 2845 est
660 2784 807 2862 cognatio
818 2784 970 2846 naturalis
983 2801 1095 2861 usque
1103 2784 1146 2845 ad

202 2888 341 2959 quartum
355 2877 483 2958 prodam
497 2876 647 2955 inclusive,
663 2878 756 2958 eique
776 2880 839 2960 logi
858 2879 953 2942 bodie
973 2878 1144 2959 obtempe·

202 2994 309 3036 ramus
323 2974 439 3036 adbuc.

242 3072 366 3132 XXXll.
383 3070 440 3131 Hic
462 3067 609 3149 quadam
629 3074 703 3130 sunt
720 3068 869 3131 addenda
885 3071 926 3132 de
946 3071 1142 3150 cognatione

202 3166 357 3242 spirituaii
372 3173 404 3226 et
416 3166 522 3245 legali,
534 3165 621 3243 quod
629 3183 727 3227 causa
738 3165 910 3245 spiritualis
922 3168 1141 3246 generationis

203 3277 260 3333 per
272 3259 474 3338 baptismum,
490 3262 540 3323 vel
550 3261 650 3322 civilis
659 3265 855 3343 cognationis
866 3282 924 3344 per
931 3265 1140 3343 adoptionem

203 3352 339 3412 inducta
353 3362 435 3418 sunt

242 3447 393 3523 cognatio
406 3450 568 3526 spirituale
582 3454 683 3517 oritur
702 3475 741 3517 ex
757 3456 962 3536 generatione
979 3453 1137 3533 spirituali

202 3540 410 3619 baptismatis,
427 3560 497 3619 quta
512 3548 674 3621 perficitur
686 3551 924 3616 confirmatione
940 3573 948 3615 :
