2442 4125
213 325 271 384 204
426 333 653 380 rrsrrrurmnns
673 333 756 378 surus
778 333 931 379 ccuonrcr.

254 480 412 542 confirma
439 477 621 560 hujusmodi
649 477 896 554 declarationes,
925 495 965 538 ex
994 494 1036 537 eo
1068 479 1151 556 quod
1220 509 1221 524 κ

216 593 383 639 versamur
405 574 439 635 in
457 575 529 655 jure
544 573 677 652 positivo
693 574 843 651 humano,
863 571 947 652 quod
967 589 1036 632 nou
1059 572 1150 633 debe
1219 594 1220 617 ³

214 691 284 733 mua
299 672 469 734 extendere
484 671 566 732 ultra
585 687 681 749 quam
703 669 867 730 definitum
888 672 946 739 est,
970 670 1151 747 Praesertim
1219 748 1220 751 Ἴ

214 785 286 830 oum
301 773 414 848 agutur
427 767 466 826 de
477 764 549 844 jure
564 765 682 843 poenali
697 764 782 843 quod
797 764 944 842 supponit
953 763 1118 825 delictum
1126 768 1152 824 et
1219 754 1220 757 ¹

215 865 333 926 crimen
360 862 513 934 formale,
544 861 636 921 etde
659 860 893 938 impedimentis
915 858 1149 936 dirimentibus,
1219 878 1220 905 ¹

215 979 285 1040 quae
300 979 336 1020 ex
352 958 492 1038 generali
504 957 629 1020 theoria
642 957 806 1035 supposita
826 955 1040 1018 suutstrictee
1061 957 1151 1018 inter-
1220 1031 1221 1034 Ἴ

214 1056 409 1137 pretationis,
425 1074 483 1117 nec
498 1054 589 1115 facile
603 1056 846 1131 praesumuutur.
1220 1059 1221 1136 J

254 1153 410 1212 Praeterea
424 1153 455 1210 et
468 1148 587 1209 crimen
601 1145 771 1224 conjucidii
785 1145 917 1206 seorsim
931 1145 973 1206 ab
994 1146 1150 1208 adulterio
1220 1169 1221 1210 l

215 1251 402 1326 spectatum,
419 1249 467 1306 est
487 1243 749 1324 impedimentum
763 1242 913 1302 dirimens
926 1243 1012 1303 inter
1024 1261 1151 1305 correns
1220 1235 1221 1322 ,

215 1342 265 1402 vel
285 1340 453 1418 complices
472 1340 505 1400 in
526 1339 636 1401 ordine
657 1338 699 1399 ad
713 1339 959 1414 matrimonium,
976 1340 1150 1402 dummodo

215 1447 300 1497 mors
313 1434 408 1497 luerit
421 1438 529 1496 secuta
543 1435 583 1513 (c.
600 1449 623 1494 1.
641 1434 680 1494 de
695 1435 791 1495 Gonv.
808 1432 953 1511 insidet).
1220 1433 1221 1436 ’

257 1535 370 1595 Utrum
385 1537 493 1594 autem
507 1532 687 1611 requiretur
699 1529 783 1609 quod
805 1529 1012 1590 homicidium
1032 1531 1152 1594 illatum

216 1629 311 1689 luerit
324 1629 365 1689 ad
379 1628 475 1688 finem
490 1625 698 1688 contrahendi
710 1625 945 1690 matrimonium
965 1627 1055 1687 inter
1074 1646 1152 1689 ccm-

216 1722 333 1800 plices?
356 1724 402 1781 Ex
425 1722 533 1782 stricta
556 1721 815 1800 interpretatione
836 1721 930 1801 hujus
951 1723 1070 1800 capitis
1094 1742 1151 1784 non
1219 1764 1220 1773 η

216 1819 328 1895 elucet,
350 1821 401 1882 vel
422 1821 546 1900 legatur
569 1821 673 1900 pronti
697 1821 830 1882 refertur
850 1821 883 1880 in
904 1820 1096 1882 collectione
1117 1824 1149 1882 B.

217 1917 405 1995 Raymnudi
422 1918 472 1980 vel
490 1919 589 1979 multo
610 1913 714 1978 minus
737 1917 764 1978 si
787 1917 912 1998 legatur
933 1917 967 1976 iu
991 1935 1051 1978 suo
1067 1922 1151 1981 textu

216 2012 352 2092 genuino
368 2013 452 2095 apud
468 2015 636 2088 Gonzalcz;
652 2014 709 2075 sed
724 2032 761 2074 ex
776 2013 934 2075 sententia
946 2014 1057 2091 potius
1073 2017 1152 2095 capi-

216 2108 255 2170 tis
269 2109 373 2190 hujus,
391 2114 422 2173 et
443 2132 482 2173 ex
503 2112 748 2190 praesumpticne
768 2110 902 2172 fundata
922 2128 1020 2188 super
1042 2112 1152 2173 huma·
1219 2149 1220 2154 κ

217 2224 292 2265 num
309 2208 424 2287 agendi
442 2226 574 2285 morem,
599 2208 702 2269 solent
723 2210 869 2267 auctores
893 2207 977 2267 hunc
1002 2209 1105 2269 finem
1125 2217 1152 2269 ct
1219 2273 1220 2280 ,

217 2299 299 2359 huuc
326 2302 467 2363 animum
493 2305 676 2383 requirere,
703 2304 807 2383 prouti
831 2304 999 2382 requirunt
1021 2303 1058 2365 in
1082 2324 1151 2367 casu
1219 2345 1220 2382 ᾗ

217 2392 368 2455 adultera
383 2396 434 2456 vel
448 2398 583 2461 adulteri
602 2399 657 2479 qui
679 2399 877 2460 machinatus
897 2398 996 2466 fuerit
1018 2407 1153 2463 mortem
1219 2393 1220 2470 ξ

217 2486 360 2567 conjugis
373 2490 560 2571 innocentis,
577 2495 617 2555 de
632 2513 694 2574 quo
709 2513 806 2573 supra
821 2494 967 2556 diximus.
1219 2509 1220 2582 j

256 2584 382 2648 Certum
396 2592 502 2651 autem
516 2593 593 2669 puto
607 2590 692 2670 quod
707 2590 888 2670 hujusmodi
906 2591 1063 2653 delictum
1085 2612 1153 2655 con·

215 2680 326 2760 jucidii
346 2684 379 2744 in
401 2691 555 2765 quantum
578 2704 690 2763 perse
713 2686 828 2747 sufficit
850 2686 891 2745 ad
914 2687 1153 2766 impediendum

214 2778 297 2839 inter
309 2797 435 2841 correus
450 2782 696 2859 matrimonium,
714 2782 831 2843 dehent
844 2801 914 2843 esse
927 2802 1006 2845 vere
1020 2787 1151 2859 crimen,

215 2874 247 2936 id
262 2880 310 2937 est
320 2875 429 2956 injuste
443 2880 476 2937 et
488 2877 628 2937 malitiose
646 2878 831 2955 admissum,
855 2878 1023 2957 utriusque
1045 2884 1153 2942 notum
1219 2881 1220 2904 ³

215 2990 272 3033 sua
295 2973 471 3034 moralitate
493 2992 551 3032 coa
574 2981 689 3033 tontum
709 2976 853 3054 proauo,
873 2975 1086 3055 inquantum
1109 2981 1151 3035 est

215 3068 328 3145 occisio
343 3068 488 3145 hominiS,
506 3070 562 3129 sed
572 3070 757 3151 etspccifico,
770 3071 802 3130 in
813 3075 967 3150 quantum
978 3071 1150 3133 estoccisio

215 3162 369 3241 conjugis,
386 3171 417 3225 et
429 3169 540 3227 mutua
554 3166 787 3227 machinatione
802 3171 834 3229 et
847 3168 1086 3248 conspiratione
1099 3168 1151 3227 ant

216 3273 274 3332 per
287 3274 320 3317 se
335 3262 390 3319 aut
402 3279 460 3338 per
473 3262 551 3322 alios
565 3270 805 3325 consummatum.
821 3265 896 3325 Haec
910 3264 1068 3326 resultant
1086 3267 1149 3324 tum

217 3368 255 3411 ex
269 3351 352 3414 dicto
372 3357 475 3432 capite
496 3358 534 3417 dc
559 3376 703 3420 convers.
726 3358 829 3431 rufio..
850 3362 919 3419 tum
941 3378 981 3420 ex
1004 3378 1041 3421 eo
1066 3354 1147 3438 quod

216 3462 319 3505 sermo
333 3447 373 3506 sit
387 3449 508 3526 dejure
523 3454 657 3529 positivo
672 3454 789 3531 poencli
805 3457 836 3514 et
849 3454 997 3530 irritanti,
1018 3450 1147 3532 proinde
1219 3513 1220 3528 ,

217 3535 420 3598 strictissima
433 3540 709 3617 interpretationis·
