2442 4125
365 392 404 436 on
424 391 552 439 cornero
572 392 654 439 sunrs
677 391 833 442 aaronica
1006 384 1065 447 tlt

130 534 209 596 tiam
222 532 272 596 vel
286 552 349 595 non
365 532 562 595 existentiam
572 535 603 595 in
614 542 743 615 pactum
754 538 951 617 deduxerint,
964 543 1063 603 etsub

131 630 185 689 illa
200 628 377 690 conditione
392 630 588 708 alligaverint
602 650 695 691 suum
716 651 913 696 consensum.
936 638 1006 708 Qua
1023 638 1063 697 de

131 742 177 801 re,
194 724 266 785 vide
282 742 352 803 quae
367 741 464 801 supra
478 724 614 787 diximus
628 727 667 787 de
682 727 925 792 conditionibus.

171 823 284 883 Utrum
298 823 404 881 autem
417 820 477 881 hoc
492 820 560 880 fieri
581 822 696 883 debeat
716 842 863 903 expresse
884 827 934 899 ‚rel
955 828 1059 906 tacite,

130 917 181 978 vel
195 916 329 992 interne,
347 916 396 975 vel
410 919 538 977 externe
554 918 660 995 etiam,
675 925 731 980 aut
745 920 860 983 debeat
880 940 919 983 ex
938 923 1063 984 indiciis

130 1014 265 1077 externis
280 1014 475 1093 deprehendi
489 1019 563 1091 eta,
579 1016 730 1095 pendete
744 1020 917 1097 quastione
926 1021 959 1081 in
968 1026 1001 1082 2⁰
1011 1040 1062 1083 re-

129 1112 243 1193 quisito
258 1110 406 1173 indicata.

235 1287 262 1331 Β.
277 1288 309 1331 Do
321 1286 405 1331 delectu
417 1286 525 1331 libertatis
536 1299 573 1329 neu
586 1286 613 1331 de
624 1285 782 1342 impedimentis
793 1290 824 1332 ris
835 1294 858 1333 ot
870 1296 951 1347 raptos.

170 1401 231 1459 XL.
249 1400 280 1457 {⁰
300 1397 357 1458 Vis.
374 1396 486 1457 Inutile
502 1397 641 1475 profecto
661 1404 744 1459 esset
758 1402 935 1479 expendere
950 1422 991 1464 an
1004 1422 1060 1465 va-

127 1494 229 1554 lerent
254 1492 454 1553 matrimonia
484 1492 542 1552 suh
572 1492 725 1555 absolutae
754 1495 911 1557 violentiae
939 1496 1057 1558 influxu

127 1597 252 1665 coacta,
276 1606 332 1648 seu
353 1587 516 1648 coactione
534 1588 684 1667 physica,
706 1607 776 1668 quae
789 1608 910 1669 corpus
929 1592 1058 1671 quidem

126 1684 243 1760 afficit,
260 1683 454 1745 voluntatem
473 1683 685 1745 nullomodo.
709 1684 769 1747 Ubi
791 1686 874 1745 enim
895 1687 982 1746 nulla
1002 1704 1058 1747 vo·

124 1780 230 1841 luntas
251 1783 308 1856 est,
330 1779 433 1839 nullus
452 1796 521 1839 esse
545 1778 641 1839 dehet
663 1783 854 1858 contractus,
881 1799 953 1841 cum
976 1781 1058 1843 desit

125 1876 315 1944 elementum
338 1874 545 1955 praecipuum,
569 1874 681 1952 idest,
704 1876 882 1954 placitum:
906 1896 1053 1957 namque,

103 1970 179 2050 vqui
194 1970 252 2031 sub
272 1970 327 2032 tali
346 1970 376 2031 vi
400 1970 587 2031 constitutus
611 1968 687 2049 agit,
710 1972 829 2048 patitur
850 1974 965 2051 potius,
991 1992 1055 2034 non

125 2067 201 2146 agit.
223 2067 256 2128 Si
276 2085 351 2146 ergo
372 2067 403 2128 vi
418 2067 530 2146 aliquis
554 2066 721 2127 inclinaret
743 2071 838 2144 caput
860 2068 910 2128 vel
928 2074 1056 2146 proten-

109 2161 215 2232 deret
242 2182 370 2224 manum
394 2163 434 2224 ad
455 2181 586 2224 uxorem
607 2163 648 2223 ad
670 2179 857 2224 consensum
878 2163 1056 2244 significan-

125 2257 211 2336 dum,
228 2260 304 2320 dum
317 2259 384 2338 ipse
399 2259 577 2335 reluctaret,
590 2259 658 2338 ipse
668 2263 753 2321 certe
763 2277 827 2320 non
842 2261 1053 2337 contraheret,

124 2357 275 2436 quianon
290 2355 444 2416 consentit
458 2355 521 2416 ullo
536 2355 642 2416 modo.

163 2455 204 2514 At
218 2469 282 2512 non
295 2452 339 2512 ita
354 2452 380 2510 si
394 2470 495 2512 sermo
511 2453 550 2512 sit
564 2452 603 2513 de
619 2453 758 2532 quadam
779 2455 809 2515 vi
825 2455 1052 2531 conditionata,

124 2565 193 2628 quae
208 2547 312 2626 potius
328 2547 441 2609 dicitur
455 2549 592 2626 moralis,
606 2567 741 2628 quaeque
752 2551 946 2613 voluntatem
957 2552 1054 2613 afficit

123 2647 154 2704 et
169 2645 277 2704 causat
286 2659 483 2702 consensum.
497 2641 579 2706 Talis
595 2645 643 2702 est
655 2643 748 2703 timor
762 2642 851 2721 cujus
865 2648 979 2703 natura
993 2649 1050 2718 est,

122 2747 158 2800 ut
171 2739 243 2801 licet
258 2739 311 2819 qui
325 2739 436 2799 timore
451 2738 527 2817 agit,
544 2743 655 2816 sponte
674 2756 737 2799 non
758 2745 843 2818 agat,
859 2739 915 2799 sed
934 2739 1049 2812 invite3

122 2838 228 2896 tamen
242 2833 339 2894 libere
355 2832 430 2912 agit,
448 2839 479 2892 et
499 2832 596 2892 libere
617 2832 701 2893 inter
720 2826 812 2910 plura
832 2850 931 2892 unum
952 2833 1049 2911 eligit,
1136 2896 1139 2903 ,

122 2927 207 3007 quod
222 2927 280 2988 sibi
296 2926 424 3005 quidem
438 2925 576 3004 placeret
589 2925 705 3002 minus,
721 2925 777 2985 sed
798 2924 905 2985 utilius
925 2929 1051 3000 reputat

121 3024 163 3085 ad
176 3024 268 3104 pejus
281 3023 400 3083 malum
414 3022 606 3084 evitandum.
629 3024 725 3082 Porro
748 3020 781 3081 in
800 3021 860 3080 hac
883 3019 987 3098 specie
1010 3021 1049 3080 de

121 3119 282 3180 validitate
298 3118 490 3196 nuptiarum,
507 3116 660 3195 disputari
674 3119 787 3195 potest.

160 3215 200 3275 Et
213 3215 342 3294 quidem
356 3214 383 3274 ai
396 3214 500 3294 rigore
519 3212 599 3292 juris
618 3212 770 3277 naturalis
787 3230 838 3272 res
857 3213 1050 3290 expendere-

119 3313 181 3386 tur,
198 3310 286 3370 nulla
300 3309 482 3370 difficultate
496 3308 680 3370 viderentur
689 3307 806 3386 nuptiae
817 3309 999 3385 consistere,
1011 3310 1051 3370 si·

119 3401 247 3487 quidem
260 3407 372 3470 timore
388 3425 451 3467 non
471 3407 628 3482 obstante,
649 3407 739 3467 adest
756 3425 938 3484 consensus,
959 3410 1050 3470 adest

118 3508 310 3563 contractus.
320 3503 360 3562 At
370 3519 442 3561 oum
451 3500 551 3560 libera
561 3499 698 3560 debeant
708 3517 776 3560 esse
789 3499 1000 3576 matrimonia,
1018 3503 1049 3561 et

116 3595 149 3660 in
164 3597 372 3660 matrimoniis
388 3596 503 3658 coactis
524 3596 647 3657 soleant
666 3593 805 3656 infelices
823 3596 925 3657 exitus
943 3594 1048 3672 provi-
