2442 4125
202 345 259 406 rou
409 355 636 402 rnsmrumorrns
656 353 740 398 sunus
761 351 917 399 aaronica.

203 500 345 580 simplici,
361 499 438 560 dum
453 501 566 560 natura
581 515 640 558 sua
661 514 724 558 non
738 496 886 558 videntur
900 495 1030 574 differe,
1049 502 1083 560 et
1098 516 1153 559 so-
1219 508 1220 511 ’

202 601 267 660 lum
288 597 496 659 differentiam
520 593 691 675 quamdam
714 594 922 655 extrinsecam
952 592 1080 655 hebere
1113 613 1151 655 ex

203 691 349 754 Ecclesiae
365 689 585 752 constitutione
600 688 773 749 inductam.

243 790 285 850 Ut
304 789 373 848 hoec
394 785 523 867 quaestio
544 784 694 860 solvatur,
715 783 930 844 animadverto
953 785 1060 864 quod,
1077 784 1150 847 licet

204 890 349 946 votorum
363 882 553 957 solemnitas,
566 899 605 941 ex
619 880 687 941 solo
700 879 848 940 Ecclesiae
863 881 1098 944 constitutione
1112 884 1150 944 sit

204 980 342 1056 inducte,
360 996 422 1039 non
436 978 509 1039 inde
524 977 666 1057 sequitur
676 976 761 1057 quod
777 976 916 1038 babeant
927 977 1019 1038 inter
1034 997 1070 1040 se
1084 998 1150 1055 me-

204 1094 272 1136 ram
295 1074 504 1136 differentiam
528 1073 736 1135 extrinsecam
757 1076 789 1134 et
809 1071 889 1152 juris
915 1074 1145 1152 ecclesiastici,

204 1188 263 1230 nec
282 1169 410 1231 realiter
430 1170 575 1232 differant
594 1173 667 1230 ante
688 1171 788 1230 Deum
807 1168 838 1228 in
858 1169 923 1229 suis
944 1172 1147 1248 respectibus

205 1264 387 1326 moralibus.

246 1361 339 1422 Plura
360 1359 443 1421 enim
464 1363 537 1421 sunt
558 1378 629 1440 qnae
649 1358 731 1422 tacto
751 1360 914 1420 homiuum
933 1359 1144 1440 inducuntur,

206 1458 237 1518 et
247 1454 318 1536 jure
334 1455 439 1518 divino
455 1458 485 1516 et
499 1455 629 1534 quidem
643 1454 777 1516 naturali
790 1455 969 1530 firmantur,
988 1462 1146 1537 quatenns

206 1553 352 1616 videlicet
370 1552 489 1616 tactum
510 1552 673 1613 hominnm
696 1551 855 1613 concurrit
877 1550 965 1614 velut
990 1555 1141 1631 conditio,

207 1669 277 1729 qna
291 1651 403 1730 posite,
419 1651 473 1729 jus
488 1649 629 1710 divinum
643 1648 806 1710 evolvitur.
823 1650 871 1710 lte
885 1667 981 1709 uerno
1000 1649 1078 1730 jure
1093 1671 1145 1712 us-

205 1748 284 1806 turae
307 1764 385 1823 puro
405 1746 557 1823 inspecto,
582 1744 782 1806 constituitur
804 1763 869 1820 rex,
893 1762 990 1807 nemo
1015 1747 1140 1828 conjux,

207 1855 298 1898 nemo
320 1841 419 1916 pater,
443 1854 535 1898 nemo
559 1838 653 1916 filius,
676 1857 769 1900 nemo
793 1839 949 1915 domiuus,
976 1844 1066 1914 etc.;
1092 1842 1141 1902 sed

206 1934 315 2013 positis
336 1934 481 1995 humanis
502 1933 591 1996 lactis
611 1953 681 2015 qnae
701 1935 912 1997 determinant
930 1954 1046 2016 regna,
1071 1938 1141 1998 ciri-

206 2035 298 2109 tates,
323 2030 489 2111 connnbiu,
515 2031 661 2108 familias,
687 2031 837 2109 dominia,
863 2034 942 2109 eto,
968 2039 1141 2099 nascuntur

204 2124 277 2204 jura
302 2126 458 2187 naturalia
480 2143 606 2205 regum,
632 2124 763 2201 civium,
790 2124 979 2205 conjugum,
1006 2133 1089 2206 etc,
1113 2135 1138 2189 et

207 2219 312 2296 plnres
326 2221 485 2281 naturales
505 2219 688 2281 differentiae
707 2222 972 2299 emerguntque
992 2222 1137 2303 indepen-

208 2315 319 2374 denter
333 2316 373 2375 ab
388 2316 532 2377 humanis
546 2316 647 2392 facus,
663 2335 742 2394 pure
758 2317 899 2394 inspecto
917 2316 991 2396 jure
1006 2324 1135 2395 natura,

209 2426 271 2469 non
286 2411 615 2490 apprehendebantur,
627 2411 683 2473 sed
695 2412 735 2472 ab
744 2411 783 2472 iis
793 2411 976 2489 pendebant
990 2418 1138 2495 tanquam

208 2524 228 2565 a
238 2504 478 2583 conditionibus,
489 2509 602 2587 quibus
612 2508 709 2569 semel
719 2508 828 2587 positis
838 2507 891 2587 jus
901 2510 1051 2571 naturale
1061 2510 1136 2572 evol-

209 2604 345 2663 veretur.

249 2700 317 2760 Non
332 2697 474 2761 dissimili
487 2698 593 2775 modo,
609 2698 713 2760 nullus
731 2698 922 2777 obligatione
937 2700 1003 2761 voti
1017 2705 1137 2764 tenetur

208 2812 294 2855 mero
315 2791 386 2873 jure
409 2796 527 2853 naturae
548 2790 706 2870 inspect03
730 2795 837 2853 votum
859 2792 943 2865 euim
964 2794 1085 2870 pendet
1103 2813 1138 2855 eu

208 2892 290 2953 facto
306 2890 443 2951 hnmano
459 2891 609 2967 tanquam
623 2906 644 2947 a
661 2887 839 2949 conditione
858 2905 925 2964 sua,
944 2906 1009 2967 qua
1028 2891 1137 2968 posita,

209 2987 416 3067 obligationes
429 2984 495 3047 voti
509 2982 690 3045 nascuntur.
704 2982 853 3045 Similiter
861 2983 964 3062 posito
979 2984 1064 3046 lecto
1079 2986 1137 3047 voti

209 3101 281 3145 cum
301 3083 444 3145 omuibus
465 3081 503 3142 iis
522 3097 591 3160 quac
614 3079 653 3140 de
671 3080 742 3159 jure
761 3080 966 3160 requiruntur
983 3083 1020 3141 ut
1033 3084 1136 3142 votnm

210 3182 280 3253 stet,
298 3180 406 3240 eedem
424 3177 561 3239 omnium
575 3177 757 3237 voventium
771 3181 819 3238 est
832 3176 970 3237 conditio
985 3176 1017 3237 iu
1032 3177 1136 3238 ordine

210 3273 250 3333 ad
265 3273 487 3352 obligationem
501 3275 682 3334 nascentem
697 3291 733 3333 ex
745 3276 818 3335 voto
829 3273 955 3349 emisso,
964 3292 1024 3335 nec
1038 3277 1137 3352 potest

207 3369 278 3449 jure
293 3372 412 3431 naturae
428 3369 619 3431 considerari
633 3370 715 3430 iuter
725 3386 779 3429 eos
792 3370 945 3431 intensior
954 3373 986 3431 et
995 3370 1133 3445 validior,

210 3472 266 3527 ant
285 3465 444 3524 remissior
462 3471 494 3526 et
510 3466 663 3527 infirmior
681 3465 830 3544 obligatio
848 3467 1007 3528 inordina
1023 3466 1135 3529 advoti

213 3558 397 3619 custodiam.
