2442 4125
262 303 321 362 258
470 313 700 360 rnsrrrnrrones
719 314 803 359 runrs
825 313 979 360 arnamar.

302 462 379 524 Dein
392 460 475 522 tubis
489 460 539 520 vel
552 460 665 538 ligneis
678 459 803 520 tabulis.

301 556 421 621 Saeculo
435 556 563 620 tandem
577 575 619 630 vr,
634 556 684 618 vel
697 573 740 618 vn
753 574 981 635 campanarum
994 572 1071 616 usus.

301 654 384 714 Finis
399 670 624 731 campanarum
640 671 648 712 :
1176 640 1177 645 ’

300 747 406 808 Laudo
426 749 523 807 Deum
547 765 665 818 rerum,
682 747 808 824 plebem
832 765 920 824 roeo,
945 742 1145 824 congregante

259 861 341 916 rum,
357 837 520 904 deidnetos
534 842 634 920 ploro,
650 842 793 903 nimbum
806 843 893 922 iugo,
910 843 1051 919 festaque
1069 840 1145 899 deren

260 938 371 998 officia.

606 1105 773 1150 Anrmmns
795 1107 839 1150 lv.

457 1222 500 1283 De
513 1221 700 1284 Ceremoniir
713 1222 810 1284 cultus
822 1223 992 1284 christiani.

297 1354 461 1415 Christiani
478 1355 580 1415 nultus
595 1357 804 1427 ceremonia,
819 1375 875 1417 seu
898 1356 1038 1418 visibiles
1051 1360 1077 1414 et
1094 1355 1146 1410 ene·

257 1453 355 1512 riores
368 1467 480 1530 praxes
495 1449 648 1529 religiosae
664 1452 777 1531 q'nibus
795 1453 935 1513 idcelesia
949 1451 1092 1514 catholiea
1106 1443 1147 1504 cd·

257 1555 324 1608 turn
338 1547 402 1606 Deo
417 1545 518 1608 reddit
532 1546 581 1604 hee
597 1553 670 1606 sunt
683 1546 880 1623 potissimum
898 1565 905 1604 ε

298 1646 327 1702 1⁰
343 1643 545 1703 Sacrificium.
562 1647 592 1702 2⁰
607 1642 819 1703 Sacramenta.
836 1645 866 1703 3⁰
880 1643 1009 1705 Preces.

603 1795 616 1840 ἓ
631 1790 652 1833 Ι.
666 1801 694 1834 nn
709 1802 845 1835 sacerrime.

294 1899 358 1960 XV.
375 1897 563 1978 angustiosa
578 1900 769 1960 eaeremonia
783 1917 854 1978 quae
869 1918 932 1960 nna
949 1918 1023 1961 cnm
1035 1892 1145 1972 religim

255 1992 486 2074 quodammodo
500 1999 575 2053 nata
589 1997 637 2055 est
650 1999 682 2054 et
695 2012 751 2075 per
766 2012 875 2055 omnes
888 2013 946 2056 sen
961 1995 1026 2057 veri
1039 2010 1086 2053 seu
1099 1980 1145 2044 irbi

255 2092 391 2153 nominis
405 2091 546 2170 religioni
560 2099 734 2170 propagate
747 2094 904 2174 invenitur
918 2092 1092 2154 sacrificinm
1106 2084 1141 2151 0⁵12

255 2188 400 2249 videlieet
414 2187 541 2248 visibilis
555 2187 632 2247 ritus
646 2205 709 2265 quo
724 2206 781 2267 per
793 2189 924 2268 alicujus
937 2190 985 2251 rei
1000 2180 1143 2251 auersatam

151 2330 153 2334 .
254 2286 307 2338 aut
317 2279 521 2357 symbolicam
532 2281 774 2343 destructionem
784 2286 1142 2363 recognoscatursaprent

254 2374 309 2436 Dei
324 2374 355 2431 in
378 2392 427 2432 res
443 2392 551 2437 omnes
574 2377 758 2439 dominium.
780 2380 828 2441 Ad
850 2380 953 2441 varios
979 2386 1075 2441 antem
1092 2372 1143 2431 fines

253 2467 434 2527 immediate
461 2468 552 2549 dirigi
582 2473 744 2535 consuerit
763 2475 872 2535 isthaec
892 2475 1040 2536 solemnis
1063 2460 1143 2529 obibit

252 2567 316 2626 Deo
331 2564 424 2639 faeta,
441 2568 585 2629 videlieet
598 2575 653 2629 ant
674 2571 765 2630 unice
779 2572 820 2631 ad
842 2572 940 2633 tatriae
955 2572 1068 2633 nultum
1083 2556 1143 2623 exhi·

254 2662 390 2723 bendum
404 2665 480 2732 Deo,
497 2664 579 2741 quod
595 2664 737 2747 sacrificii
752 2684 852 2744 genus
867 2667 1053 2728 latreuticnm
1064 2656 1143 2720 dieitur

251 2774 270 2815 e
285 2756 409 2832 nostris,
426 2762 479 2817 aut
494 2757 533 2816 ad
548 2757 664 2835 gratias
679 2758 818 2835 agendas
831 2761 897 2820 Deo
912 2760 951 2819 de
967 2753 1089 2819 obtentis
1105 2746 1141 2805 bt·

251 2851 380 2924 nefieiis‚
405 2850 488 2929 quod
504 2850 622 2912 dictum
645 2860 693 2914 est
710 2853 943 2931 rectoraticum,
963 2860 1019 2915 ant
1037 2849 1071 2910 ad
1087 2855 1141 2902 nnn

250 2948 403 3010 beneficia
419 2947 626 3026 impetranda,
642 2948 724 3024 quod
739 2947 857 3008 dictum
873 2957 920 3010 est
932 2938 1140 3029 impetranda

250 3051 303 3104 ant
324 3043 515 3104 addendam
530 3042 699 3119 qnamdam
713 3043 957 3106 satisfactionem
979 3046 1041 3103 Deo
1055 3038 1087 3097 de
1103 3043 1142 3107 pt·

249 3140 336 3201 tratis
359 3137 551 3211 criminibus,
568 3156 636 3211 seu,
652 3140 739 3216 qnod
756 3139 839 3199 idem
854 3145 910 3215 est,
935 3140 975 3200 ad
989 3127 1140 3216 placandum

249 3231 349 3291 Deum
365 3233 517 3292 offensum
535 3232 574 3291 ob
589 3233 696 3309 culpas
706 3235 899 3311 commissas,
913 3235 994 3313 quod
1004 3218 1140 3291 dictumest

247 3326 498 3402 propitiatorium.
521 3328 586 3389 Sed
599 3328 791 3405 impossibile
813 3336 880 3390 erat
900 3329 1138 3408 sanguineam

248 3433 316 3472 rum
332 3419 387 3473 aut
400 3418 565 3479 vitulorum
581 3422 695 3482 auferri
712 3429 850 3500 peccata,
868 3442 925 3485 nee
939 3421 1060 3502 proinde
1074 3416 1138 3491 pote·

248 3512 317 3563 rant
331 3507 396 3563 Deo
411 3518 537 3585 accepta
552 3530 622 3574 esse
636 3515 743 3577 isthaee
758 3518 909 3579 sacrificia
934 3516 1079 3597 neessittum
1097 3504 1135 3563 hu·
