2442 4125
359 315 398 360 on
419 315 547 364 cunero
567 317 651 364 rums
672 317 829 365 aaronica.
1001 313 1059 372 227

109 463 251 541 genitis,
267 480 340 524 cum
354 469 502 542 parentes
517 482 555 525 eo
568 465 648 544 ipso,
665 463 750 544 quod
770 465 852 527 clam
873 470 1061 533 contrahere

110 558 292 633 voluerint,
308 558 476 619 videantur
491 557 549 620 sibi
571 560 655 620 male
676 560 794 622 conscii
814 560 921 639 luisse,
944 569 977 624 et
996 583 1061 627 nou

111 651 209 711 bona
222 651 285 711 fide
302 652 415 731 egisse,
433 671 504 714 eum
527 654 723 733 neglexerint
744 656 927 719 ulteriorem
944 661 1061 723 verita·

112 749 190 806 tem
204 745 377 824 inquirere.

162 840 311 902 Secunda
324 857 420 918 poena
433 845 491 917 est,
508 839 592 920 quod
609 841 778 920 separandi
800 841 864 904 sint
883 861 904 904 a
924 861 961 904 se
980 843 1059 906 iuvi·

111 959 194 1022 cem
208 939 240 1001 hi
253 940 333 1001 tales
346 940 482 1018 putatitii
498 939 663 1020 conjuges,
687 944 720 1002 et
740 957 796 1018 spe
817 940 1059 1020 dispensationis

111 1033 329 1113 impetranda
344 1037 483 1111 amount,
495 1034 521 1094 si
536 1035 568 1095 in
583 1035 737 1114 gradibus
746 1035 914 1112 prohibitis
924 1037 1060 1099 scienter

113 1128 338 1190 contraxerint
351 1127 408 1206 (ita
421 1130 578 1189 statuente
588 1127 773 1190 Tridentino
788 1129 829 1190 ob
843 1133 1058 1211 contemptum

113 1220 282 1300 Ecclesia)
297 1225 329 1283 et
342 1239 438 1300 poena
452 1221 549 1283 etiam
562 1221 695 1283 arbitria
712 1226 778 1284 tam
799 1223 857 1303 ipsi
879 1225 962 1286 clam
985 1243 1058 1289 oon·

112 1315 295 1392 trahentes,
318 1331 413 1394 quam
430 1317 526 1376 testes
545 1313 620 1374 huic
638 1313 835 1377 clandestino
853 1317 1055 1381 matrimonio

114 1413 349 1494 (sineparooho
360 1411 668 1488 salamantinam
678 1413 1059 1495 testiumnumerolassis·

113 1511 225 1571 tentes
238 1505 390 1587 puniendi
404 1511 488 1569 sunt.
505 1507 665 1568 Parochns
679 1525 767 1585 vero,
783 1507 834 1569 vel
853 1509 935 1570 alius
952 1527 1058 1572 mcer-

113 1605 181 1666 dos
196 1621 235 1664 er
247 1602 375 1665 licentia
388 1601 530 1680 parochi,
547 1602 615 1664 sine
637 1603 770 1666 testibus
790 1602 949 1682 requisitis
962 1605 1057 1666 assis-

113 1705 213 1775 teus,
241 1716 299 1777 per
326 1697 496 1759 triennium
523 1699 564 1759 ab
591 1698 695 1759 officio
722 1697 966 1777 suspendendus
991 1702 1054 1776 est,

116 1793 253 1876 gravius
269 1791 364 1855 etiam
378 1791 567 1871 puniendus,
594 1791 621 1852 si
642 1792 742 1872 culpae
765 1792 899 1872 qualitas
920 1793 1056 1872 postula·

114 1889 214 1951 verit.
231 1906 259 1949 c.
276 1889 355 1950 Gum
369 1886 512 1948 inhibitio
532 1890 561 1948 3.
583 1887 601 1966 5
622 1886 708 1947 final.
732 1887 765 1946 h.
787 1891 811 1948 t.
836 1903 933 1967 quam
949 1889 1056 1948 tumen

115 1986 309 2051 triennalem
322 1985 559 2064 suspensionem
574 1983 730 2045 sublatam
746 1983 841 2044 hodie
856 2002 914 2063 per
926 1983 1056 2046 'l'riden-

115 2085 225 2147 tinum
240 2082 336 2162 (quod
352 2099 478 2159 paenam
492 2080 657 2141 arbitriam
669 2078 790 2157 statuit)
801 2079 1053 2158 putatSancbez,

115 2182 154 2242 in
168 2195 243 2239 oasu
259 2194 320 2257 quo
335 2177 402 2237 sine
416 2175 645 2237 sufficientibus
657 2173 790 2235 testibus
808 2172 926 2235 assistit
946 2174 1057 2235 matri-

115 2273 225 2334 monio
241 2271 409 2351 parochus,
431 2289 501 2351 quae
517 2288 612 2349 poena
634 2269 802 2332 arbitraria
821 2268 938 2349 saepius
959 2266 1055 2330 etiam

115 2368 313 2447 imponenda
327 2373 359 2428 et
373 2367 644 2444 contrahentibus,
670 2367 815 2446 quamvis
838 2382 946 2428 coram
964 2382 1056 2445 paro·

117 2462 193 2538 cho,
210 2464 242 2523 et
254 2460 388 2523 testibus
404 2461 602 2537 contrahant,
626 2461 654 2522 si
674 2460 928 2525 denuntiationes
945 2466 1055 2523 tamen

118 2558 319 2637 culpabiliter
332 2557 517 2621 omiserunt.
534 2578 549 2615 o

378 2735 412 2775 2⁰.
427 2730 460 2775 De
470 2730 628 2787 impedimentis
634 2728 795 2786 prottbitnriir.

160 2854 266 2916 Xblll.
282 2852 513 2932 Impedimenta
527 2849 744 2931 prohibitoria,
757 2867 828 2929 quae
838 2866 952 2929 nempe
967 2866 1054 2909 mera

118 2947 298 3026 impediunt
310 2947 546 3009 matrimonium
560 2943 821 3019 contrahendum,
838 2942 895 3003 sed
909 2959 970 3002 non
985 2940 1054 3003 irri-

118 3048 189 3105 tant
199 3041 267 3123 jam
281 3046 489 3119 contractum,
505 3045 647 3122 spectato
658 3041 730 3121 jure
749 3038 890 3119 antiquo,
913 3056 968 3100 sex
986 3038 1055 3100 lue·

120 3135 1055 3218 runt,quorumdnojamnonampliusvigent,nempeimpe·
1081 3202 1087 3211 ,

119 3234 293 3294 dimentum
308 3231 485 3308 catechismi,
506 3238 537 3296 et
550 3233 812 3312 impedimentum
825 3230 965 3293 criminis.
980 3233 1056 3304 Qui·

120 3328 194 3389 dum
203 3326 1055 3406 tamenvoluntimpedimentnmcatechisminontuisse

121 3424 248 3486 omnino
263 3425 423 3486 sublatum
436 3442 493 3503 per
508 3443 535 3485 c.
552 3426 653 3501 trid„
670 3425 726 3486 sed
740 3425 920 3488 restrictum
935 3424 976 3485 ad
991 3425 1057 3502 pri-

122 3538 209 3581 mum
223 3521 368 3600 gradum.
386 3522 448 3583 Sed
464 3540 503 3582 ex
516 3527 602 3583 motu
618 3520 746 3600 proprio
762 3523 808 3583 Pii
827 3525 854 3585 V
873 3526 905 3583 et
923 3540 961 3580 ex
981 3538 1058 3580 con-
