<?xml version="1.0" encoding="UTF-8"?>
<!DOCTYPE html PUBLIC "-//W3C//DTD XHTML 1.0 Transitional//EN"
    "http://www.w3.org/TR/xhtml1/DTD/xhtml1-transitional.dtd">
<html xmlns="http://www.w3.org/1999/xhtml" xml:lang="en" lang="en">
 <head>
  <title>
</title>
<meta http-equiv="Content-Type" content="text/html;charset=utf-8" />
  <meta name='ocr-system' content='tesseract 3.04.00' />
  <meta name='ocr-capabilities' content='ocr_page ocr_carea ocr_par ocr_line ocrx_word'/>
</head>
<body>
  <div class='ocr_page' id='page_1' title='image "./institutionesju04marigoog_0355.png"; bbox 0 0 2442 4125; ppageno 0'>
   <div class='ocr_carea' id='block_1_1' title="bbox 334 346 1031 411">
    <p class='ocr_par' dir='ltr' id='par_1_1' title="bbox 334 346 1031 411">
     <span class='ocr_line' id='line_1_1' title="bbox 334 346 1031 411; baseline 0.01 -7"><span class='ocrx_word' id='word_1_1' title='bbox 334 356 373 404; x_wconf 83' lang='lat' dir='ltr'>us</span> <span class='ocrx_word' id='word_1_2' title='bbox 395 357 523 405; x_wconf 79' lang='lat' dir='ltr'>cesamo</span> <span class='ocrx_word' id='word_1_3' title='bbox 542 360 626 404; x_wconf 83' lang='lat' dir='ltr'>rurus</span> <span class='ocrx_word' id='word_1_4' title='bbox 648 360 803 407; x_wconf 78' lang='lat' dir='ltr'>canonici.</span> <span class='ocrx_word' id='word_1_5' title='bbox 975 346 1031 411; x_wconf 68' lang='lat'>345</span> 
     </span>
    </p>
   </div>
   <div class='ocr_carea' id='block_1_2' title="bbox 95 503 1034 872">
    <p class='ocr_par' dir='ltr' id='par_1_2' title="bbox 95 503 1034 872">
     <span class='ocr_line' id='line_1_2' title="bbox 96 503 1030 583; baseline -0.001 -14"><span class='ocrx_word' id='word_1_6' title='bbox 96 506 196 570; x_wconf 91' lang='lat' dir='ltr'>monii</span> <span class='ocrx_word' id='word_1_7' title='bbox 211 504 428 579; x_wconf 87' lang='lat' dir='ltr'>ecclesiastici;</span> <span class='ocrx_word' id='word_1_8' title='bbox 446 505 472 564; x_wconf 88' lang='lat' dir='ltr'>si</span> <span class='ocrx_word' id='word_1_9' title='bbox 484 503 590 564; x_wconf 90' lang='lat' dir='ltr'>sterile</span> <span class='ocrx_word' id='word_1_10' title='bbox 606 504 760 583; x_wconf 87' lang='lat' dir='ltr'>praedium</span> <span class='ocrx_word' id='word_1_11' title='bbox 774 505 853 567; x_wconf 90' lang='lat' dir='ltr'>tanti</span> <span class='ocrx_word' id='word_1_12' title='bbox 863 506 1030 583; x_wconf 79' lang='lat' dir='ltr'>vendatur,</span> 
     </span>
     <span class='ocr_line' id='line_1_3' title="bbox 95 598 1032 680; baseline -0.003 -16"><span class='ocrx_word' id='word_1_13' title='bbox 95 612 135 665; x_wconf 86' lang='lat' dir='ltr'>ut</span> <span class='ocrx_word' id='word_1_14' title='bbox 149 622 186 664; x_wconf 89' lang='lat' dir='ltr'>cx</span> <span class='ocrx_word' id='word_1_15' title='bbox 201 621 238 664; x_wconf 90' lang='lat' dir='ltr'>eo</span> <span class='ocrx_word' id='word_1_16' title='bbox 254 601 375 680; x_wconf 87' lang='lat' dir='ltr'>acquiri</span> <span class='ocrx_word' id='word_1_17' title='bbox 387 600 487 679; x_wconf 82' lang='lat' dir='ltr'>possit</span> <span class='ocrx_word' id='word_1_18' title='bbox 500 598 707 676; x_wconf 81' lang='lat' dir='ltr'>fructiferum,</span> <span class='ocrx_word' id='word_1_19' title='bbox 723 602 833 680; x_wconf 85' lang='lat' dir='ltr'>siagri</span> <span class='ocrx_word' id='word_1_20' title='bbox 851 599 1032 671; x_wconf 83' lang='lat' dir='ltr'>inculti,val</span> 
     </span>
     <span class='ocr_line' id='line_1_4' title="bbox 97 695 1033 774; baseline -0.005 -14"><span class='ocrx_word' id='word_1_21' title='bbox 97 698 184 760; x_wconf 81' lang='lat' dir='ltr'>aedes</span> <span class='ocrx_word' id='word_1_22' title='bbox 199 698 334 759; x_wconf 76' lang='lat' dir='ltr'>ruinosae</span> <span class='ocrx_word' id='word_1_23' title='bbox 349 695 464 756; x_wconf 87' lang='lat' dir='ltr'>deutur</span> <span class='ocrx_word' id='word_1_24' title='bbox 477 695 510 753; x_wconf 89' lang='lat' dir='ltr'>in</span> <span class='ocrx_word' id='word_1_25' title='bbox 521 695 764 774; x_wconf 78' lang='lat' dir='ltr'><strong>emphyteusim,</strong></span> <span class='ocrx_word' id='word_1_26' title='bbox 776 697 803 755; x_wconf 92' lang='lat' dir='ltr'>si</span> <span class='ocrx_word' id='word_1_27' title='bbox 810 696 903 774; x_wconf 88' lang='lat' dir='ltr'>longe</span> <span class='ocrx_word' id='word_1_28' title='bbox 912 702 1033 756; x_wconf 88' lang='lat' dir='ltr'>remota</span> 
     </span>
     <span class='ocr_line' id='line_1_5' title="bbox 96 790 1034 872; baseline -0.005 -19"><span class='ocrx_word' id='word_1_29' title='bbox 96 793 220 872; x_wconf 85' lang='lat' dir='ltr'>praedia</span> <span class='ocrx_word' id='word_1_30' title='bbox 247 810 320 853; x_wconf 92' lang='lat' dir='ltr'>cum</span> <span class='ocrx_word' id='word_1_31' title='bbox 346 790 531 869; x_wconf 85' lang='lat' dir='ltr'>propinquis</span> <span class='ocrx_word' id='word_1_32' title='bbox 559 790 680 869; x_wconf 78' lang='lat' dir='ltr'>possint</span> <span class='ocrx_word' id='word_1_33' title='bbox 707 790 903 851; x_wconf 90' lang='lat' dir='ltr'>commutari.</span> <span class='ocrx_word' id='word_1_34' title='bbox 933 792 1034 850; x_wconf 83' lang='lat' dir='ltr'><strong>Debet</strong></span> 
     </span>
    </p>
   </div>
   <div class='ocr_carea' id='block_1_3' title="bbox 94 883 1033 3619">
    <p class='ocr_par' dir='ltr' id='par_1_3' title="bbox 97 883 1033 1041">
     <span class='ocr_line' id='line_1_6' title="bbox 98 883 1033 963; baseline -0.005 -15"><span class='ocrx_word' id='word_1_35' title='bbox 98 891 205 949; x_wconf 90' lang='lat' dir='ltr'>autam</span> <span class='ocrx_word' id='word_1_36' title='bbox 221 886 337 949; x_wconf 83' lang='lat' dir='ltr'>utilitas</span> <span class='ocrx_word' id='word_1_37' title='bbox 352 902 420 946; x_wconf 87' lang='lat' dir='ltr'>esse</span> <span class='ocrx_word' id='word_1_38' title='bbox 434 884 611 962; x_wconf 83' lang='lat' dir='ltr'>manifesta,</span> <span class='ocrx_word' id='word_1_39' title='bbox 629 902 687 945; x_wconf 90' lang='lat' dir='ltr'>nec</span> <span class='ocrx_word' id='word_1_40' title='bbox 702 884 816 948; x_wconf 84' lang='lat' dir='ltr'>suflicit</span> <span class='ocrx_word' id='word_1_41' title='bbox 829 884 914 963; x_wconf 87' lang='lat' dir='ltr'>quod</span> <span class='ocrx_word' id='word_1_42' title='bbox 925 883 1033 945; x_wconf 78' lang='lat' dir='ltr'>Eccle-</span> 
     </span>
     <span class='ocr_line' id='line_1_7' title="bbox 97 979 471 1041; baseline -0.005 0"><span class='ocrx_word' id='word_1_43' title='bbox 97 981 147 1041; x_wconf 90' lang='lat' dir='ltr'>sia</span> <span class='ocrx_word' id='word_1_44' title='bbox 161 997 224 1041; x_wconf 95' lang='lat' dir='ltr'>non</span> <span class='ocrx_word' id='word_1_45' title='bbox 240 979 471 1040; x_wconf 88' lang='lat' dir='ltr'>damnificetur.</span> 
     </span>
    </p>

    <p class='ocr_par' dir='ltr' id='par_1_4' title="bbox 96 1070 1033 1530">
     <span class='ocr_line' id='line_1_8' title="bbox 139 1070 1033 1132; baseline -0.003 0"><span class='ocrx_word' id='word_1_46' title='bbox 139 1071 241 1132; x_wconf 80' lang='lat' dir='ltr'>Pietas</span> <span class='ocrx_word' id='word_1_47' title='bbox 255 1091 267 1131; x_wconf 94' lang='grc'>.·</span> <span class='ocrx_word' id='word_1_48' title='bbox 287 1072 313 1132; x_wconf 91' lang='lat' dir='ltr'>si</span> <span class='ocrx_word' id='word_1_49' title='bbox 334 1070 419 1132; x_wconf 87' lang='lat' dir='ltr'>bona</span> <span class='ocrx_word' id='word_1_50' title='bbox 441 1070 588 1131; x_wconf 77' lang='lat' dir='ltr'>Ecclesia</span> <span class='ocrx_word' id='word_1_51' title='bbox 612 1070 674 1131; x_wconf 90' lang='lat' dir='ltr'>sint</span> <span class='ocrx_word' id='word_1_52' title='bbox 696 1070 863 1132; x_wconf 87' lang='lat' dir='ltr'>alienanda</span> <span class='ocrx_word' id='word_1_53' title='bbox 886 1072 926 1132; x_wconf 91' lang='lat' dir='ltr'>ad</span> <span class='ocrx_word' id='word_1_54' title='bbox 950 1070 1033 1131; x_wconf 87' lang='lat' dir='ltr'>redi-</span> 
     </span>
     <span class='ocr_line' id='line_1_9' title="bbox 97 1166 1029 1246; baseline -0.001 -19"><span class='ocrx_word' id='word_1_55' title='bbox 97 1166 232 1228; x_wconf 89' lang='lat' dir='ltr'>mendos</span> <span class='ocrx_word' id='word_1_56' title='bbox 256 1166 406 1245; x_wconf 85' lang='lat' dir='ltr'>captivos,</span> <span class='ocrx_word' id='word_1_57' title='bbox 432 1184 587 1244; x_wconf 90' lang='lat' dir='ltr'>pauperes</span> <span class='ocrx_word' id='word_1_58' title='bbox 609 1171 751 1246; x_wconf 86' lang='lat' dir='ltr'>tempore</span> <span class='ocrx_word' id='word_1_59' title='bbox 775 1166 866 1228; x_wconf 84' lang='lat' dir='ltr'>famis</span> <span class='ocrx_word' id='word_1_60' title='bbox 889 1167 1029 1243; x_wconf 85' lang='lat' dir='ltr'>alendos,</span> 
     </span>
     <span class='ocr_line' id='line_1_10' title="bbox 98 1260 1029 1339; baseline -0.001 -16"><span class='ocrx_word' id='word_1_61' title='bbox 98 1260 321 1324; x_wconf 87' lang='lat' dir='ltr'>aediflcandum</span> <span class='ocrx_word' id='word_1_62' title='bbox 354 1260 524 1337; x_wconf 89' lang='lat' dir='ltr'>templum,</span> <span class='ocrx_word' id='word_1_63' title='bbox 562 1260 778 1339; x_wconf 88' lang='lat' dir='ltr'>ampliandum</span> <span class='ocrx_word' id='word_1_64' title='bbox 806 1262 1029 1323; x_wconf 84' lang='lat' dir='ltr'>oaemeterium.</span> 
     </span>
     <span class='ocr_line' id='line_1_11' title="bbox 96 1354 1033 1419; baseline -0.003 -1"><span class='ocrx_word' id='word_1_65' title='bbox 96 1360 159 1418; x_wconf 91' lang='lat' dir='ltr'>Pro</span> <span class='ocrx_word' id='word_1_66' title='bbox 179 1356 228 1417; x_wconf 89' lang='lat' dir='ltr'>his</span> <span class='ocrx_word' id='word_1_67' title='bbox 243 1356 345 1417; x_wconf 88' lang='lat' dir='ltr'>causis</span> <span class='ocrx_word' id='word_1_68' title='bbox 358 1355 418 1415; x_wconf 88' lang='grc' dir='ltr'>ΡΡ.</span> <span class='ocrx_word' id='word_1_69' title='bbox 441 1354 536 1415; x_wconf 86' lang='lat' dir='ltr'>etiam</span> <span class='ocrx_word' id='word_1_70' title='bbox 557 1355 643 1416; x_wconf 89' lang='lat' dir='ltr'>hona</span> <span class='ocrx_word' id='word_1_71' title='bbox 666 1359 696 1418; x_wconf 91' lang='lat' dir='ltr'>et</span> <span class='ocrx_word' id='word_1_72' title='bbox 709 1374 784 1417; x_wconf 82' lang='lat' dir='ltr'>vasa</span> <span class='ocrx_word' id='word_1_73' title='bbox 799 1375 890 1419; x_wconf 88' lang='lat' dir='ltr'>sacra</span> <span class='ocrx_word' id='word_1_74' title='bbox 911 1356 1033 1417; x_wconf 87' lang='lat' dir='ltr'>initiata</span> 
     </span>
     <span class='ocr_line' id='line_1_12' title="bbox 97 1450 772 1530; baseline 0.001 -18"><span class='ocrx_word' id='word_1_75' title='bbox 97 1450 333 1530; x_wconf 86' lang='lat' dir='ltr'>confregerunt,</span> <span class='ocrx_word' id='word_1_76' title='bbox 350 1450 535 1526; x_wconf 83' lang='lat' dir='ltr'>conflarunt,</span> <span class='ocrx_word' id='word_1_77' title='bbox 553 1450 772 1514; x_wconf 83' lang='lat' dir='ltr'>vendiderunt.</span> 
     </span>
    </p>

    <p class='ocr_par' dir='ltr' id='par_1_5' title="bbox 95 1544 1033 3050">
     <span class='ocr_line' id='line_1_13' title="bbox 140 1544 1030 1624; baseline 0 -17"><span class='ocrx_word' id='word_1_78' title='bbox 140 1546 203 1607; x_wconf 87' lang='lat' dir='ltr'>Sed</span> <span class='ocrx_word' id='word_1_79' title='bbox 218 1544 340 1607; x_wconf 88' lang='lat' dir='ltr'>etiamsi</span> <span class='ocrx_word' id='word_1_80' title='bbox 346 1544 440 1624; x_wconf 77' lang='lat' dir='ltr'>justae</span> <span class='ocrx_word' id='word_1_81' title='bbox 450 1544 500 1606; x_wconf 77' lang='lat' dir='ltr'>ha</span> <span class='ocrx_word' id='word_1_82' title='bbox 508 1546 704 1608; x_wconf 72' lang='lat' dir='ltr'>alienationis</span> <span class='ocrx_word' id='word_1_83' title='bbox 718 1548 907 1607; x_wconf 80' lang='lat' dir='ltr'>intercidant</span> <span class='ocrx_word' id='word_1_84' title='bbox 917 1562 1030 1622; x_wconf 89' lang='lat' dir='ltr'>causae,</span> 
     </span>
     <span class='ocr_line' id='line_1_14' title="bbox 97 1636 1033 1701; baseline 0 -1"><span class='ocrx_word' id='word_1_85' title='bbox 97 1658 162 1701; x_wconf 91' lang='lat' dir='ltr'>uon</span> <span class='ocrx_word' id='word_1_86' title='bbox 176 1641 247 1701; x_wconf 91' lang='lat' dir='ltr'>ideo</span> <span class='ocrx_word' id='word_1_87' title='bbox 265 1640 366 1699; x_wconf 86' lang='lat' dir='ltr'>libera</span> <span class='ocrx_word' id='word_1_88' title='bbox 388 1644 436 1701; x_wconf 91' lang='lat' dir='ltr'>est</span> <span class='ocrx_word' id='word_1_89' title='bbox 458 1657 609 1700; x_wconf 90' lang='lat' dir='ltr'>concessa</span> <span class='ocrx_word' id='word_1_90' title='bbox 631 1636 776 1699; x_wconf 88' lang='lat' dir='ltr'>omuibus</span> <span class='ocrx_word' id='word_1_91' title='bbox 800 1640 932 1701; x_wconf 76' lang='lat' dir='ltr'>facultas</span> <span class='ocrx_word' id='word_1_92' title='bbox 956 1640 1033 1701; x_wconf 87' lang='lat' dir='ltr'>alie-</span> 
     </span>
     <span class='ocr_line' id='line_1_15' title="bbox 98 1732 1032 1813; baseline 0 -18"><span class='ocrx_word' id='word_1_93' title='bbox 98 1735 207 1811; x_wconf 89' lang='lat' dir='ltr'>nandi,</span> <span class='ocrx_word' id='word_1_94' title='bbox 229 1734 288 1794; x_wconf 91' lang='lat' dir='ltr'>nisi</span> <span class='ocrx_word' id='word_1_95' title='bbox 307 1733 455 1813; x_wconf 76' lang='lat' dir='ltr'>legitimae</span> <span class='ocrx_word' id='word_1_96' title='bbox 475 1732 570 1793; x_wconf 91' lang='lat' dir='ltr'>etiam</span> <span class='ocrx_word' id='word_1_97' title='bbox 588 1733 800 1797; x_wconf 82' lang='lat' dir='ltr'>interveniant</span> <span class='ocrx_word' id='word_1_98' title='bbox 818 1734 1032 1796; x_wconf 85' lang='lat' dir='ltr'>solemnitates</span> 
     </span>
     <span class='ocr_line' id='line_1_16' title="bbox 98 1826 1033 1911; baseline -0.001 -20"><span class='ocrx_word' id='word_1_99' title='bbox 98 1848 182 1911; x_wconf 83' lang='lat' dir='ltr'>quae,</span> <span class='ocrx_word' id='word_1_100' title='bbox 199 1830 243 1891; x_wconf 90' lang='lat' dir='ltr'>uti</span> <span class='ocrx_word' id='word_1_101' title='bbox 258 1828 504 1907; x_wconf 85' lang='lat' dir='ltr'>praemoneham,</span> <span class='ocrx_word' id='word_1_102' title='bbox 522 1826 614 1907; x_wconf 75' lang='lat' dir='ltr'>Juxta</span> <span class='ocrx_word' id='word_1_103' title='bbox 636 1829 686 1907; x_wconf 82' lang='lat' dir='ltr'>jus</span> <span class='ocrx_word' id='word_1_104' title='bbox 709 1830 831 1908; x_wconf 88' lang='lat' dir='ltr'>vigans,</span> <span class='ocrx_word' id='word_1_105' title='bbox 856 1832 1033 1892; x_wconf 89' lang='lat' dir='ltr'>consistunt</span> 
     </span>
     <span class='ocr_line' id='line_1_17' title="bbox 95 1923 1032 2004; baseline 0.001 -20"><span class='ocrx_word' id='word_1_106' title='bbox 95 1926 131 1984; x_wconf 93' lang='lat' dir='ltr'>in</span> <span class='ocrx_word' id='word_1_107' title='bbox 145 1942 300 1986; x_wconf 87' lang='lat' dir='ltr'>consensu</span> <span class='ocrx_word' id='word_1_108' title='bbox 314 1923 436 2003; x_wconf 79' lang='lat' dir='ltr'>praelati</span> <span class='ocrx_word' id='word_1_109' title='bbox 457 1941 530 1983; x_wconf 93' lang='lat' dir='ltr'>cum</span> <span class='ocrx_word' id='word_1_110' title='bbox 548 1924 696 2001; x_wconf 88' lang='lat' dir='ltr'>capitulo,</span> <span class='ocrx_word' id='word_1_111' title='bbox 719 1925 769 1984; x_wconf 87' lang='lat' dir='ltr'>vel</span> <span class='ocrx_word' id='word_1_112' title='bbox 790 1924 921 2004; x_wconf 87' lang='lat' dir='ltr'>collegio</span> <span class='ocrx_word' id='word_1_113' title='bbox 941 1926 1032 1985; x_wconf 92' lang='lat' dir='ltr'>cleri-</span> 
     </span>
     <span class='ocr_line' id='line_1_18' title="bbox 98 2016 1033 2100; baseline 0.002 -20"><span class='ocrx_word' id='word_1_114' title='bbox 98 2037 209 2082; x_wconf 89' lang='lat' dir='ltr'>corum</span> <span class='ocrx_word' id='word_1_115' title='bbox 224 2021 279 2082; x_wconf 89' lang='lat' dir='ltr'>aut</span> <span class='ocrx_word' id='word_1_116' title='bbox 292 2017 520 2081; x_wconf 90' lang='lat' dir='ltr'>monachorum</span> <span class='ocrx_word' id='word_1_117' title='bbox 534 2016 593 2079; x_wconf 87' lang='lat' dir='ltr'>rite</span> <span class='ocrx_word' id='word_1_118' title='bbox 608 2021 813 2098; x_wconf 86' lang='lat' dir='ltr'>congregato,</span> <span class='ocrx_word' id='word_1_119' title='bbox 830 2019 856 2080; x_wconf 90' lang='lat' dir='ltr'>si</span> <span class='ocrx_word' id='word_1_120' title='bbox 870 2038 921 2081; x_wconf 91' lang='lat' dir='ltr'>res</span> <span class='ocrx_word' id='word_1_121' title='bbox 936 2020 1033 2100; x_wconf 91' lang='lat' dir='ltr'>parti-</span> 
     </span>
     <span class='ocr_line' id='line_1_19' title="bbox 98 2113 1032 2192; baseline 0.003 -18"><span class='ocrx_word' id='word_1_122' title='bbox 98 2119 177 2177; x_wconf 89' lang='lat' dir='ltr'>nent</span> <span class='ocrx_word' id='word_1_123' title='bbox 203 2116 243 2175; x_wconf 88' lang='lat' dir='ltr'>ud</span> <span class='ocrx_word' id='word_1_124' title='bbox 272 2131 417 2175; x_wconf 85' lang='lat' dir='ltr'>mensam</span> <span class='ocrx_word' id='word_1_125' title='bbox 439 2114 665 2192; x_wconf 86' lang='lat' dir='ltr'>episcopalem,</span> <span class='ocrx_word' id='word_1_126' title='bbox 692 2113 733 2175; x_wconf 91' lang='lat' dir='ltr'>ad</span> <span class='ocrx_word' id='word_1_127' title='bbox 757 2115 904 2176; x_wconf 89' lang='lat' dir='ltr'>ecclesias</span> <span class='ocrx_word' id='word_1_128' title='bbox 926 2118 1032 2177; x_wconf 89' lang='lat' dir='ltr'>cathe-</span> 
     </span>
     <span class='ocr_line' id='line_1_20' title="bbox 97 2208 1032 2287; baseline 0.003 -17"><span class='ocrx_word' id='word_1_129' title='bbox 97 2210 214 2286; x_wconf 88' lang='lat' dir='ltr'>drales,</span> <span class='ocrx_word' id='word_1_130' title='bbox 232 2209 272 2270; x_wconf 89' lang='lat' dir='ltr'>ad</span> <span class='ocrx_word' id='word_1_131' title='bbox 286 2209 469 2287; x_wconf 87' lang='lat' dir='ltr'>capitulum,</span> <span class='ocrx_word' id='word_1_132' title='bbox 487 2208 712 2270; x_wconf 86' lang='lat' dir='ltr'>monasterium</span> <span class='ocrx_word' id='word_1_133' title='bbox 725 2209 775 2270; x_wconf 90' lang='lat' dir='ltr'>vel</span> <span class='ocrx_word' id='word_1_134' title='bbox 790 2210 955 2271; x_wconf 86' lang='lat' dir='ltr'>ecclesiam</span> <span class='ocrx_word' id='word_1_135' title='bbox 971 2212 1032 2273; x_wconf 93' lang='lat' dir='ltr'>col·</span> 
     </span>
     <span class='ocr_line' id='line_1_21' title="bbox 96 2305 1031 2388; baseline 0 -19"><span class='ocrx_word' id='word_1_136' title='bbox 96 2308 259 2388; x_wconf 80' lang='lat' dir='ltr'>legistam.</span> <span class='ocrx_word' id='word_1_137' title='bbox 277 2307 311 2369; x_wconf 92' lang='lat' dir='ltr'>Si</span> <span class='ocrx_word' id='word_1_138' title='bbox 325 2325 399 2368; x_wconf 89' lang='lat' dir='ltr'>vero</span> <span class='ocrx_word' id='word_1_139' title='bbox 423 2310 537 2384; x_wconf 84' lang='lat' dir='ltr'>agatur</span> <span class='ocrx_word' id='word_1_140' title='bbox 560 2305 599 2366; x_wconf 88' lang='lat' dir='ltr'>de</span> <span class='ocrx_word' id='word_1_141' title='bbox 623 2305 714 2366; x_wconf 87' lang='lat' dir='ltr'>bouis</span> <span class='ocrx_word' id='word_1_142' title='bbox 737 2307 939 2369; x_wconf 85' lang='lat' dir='ltr'>ecclesiarum</span> <span class='ocrx_word' id='word_1_143' title='bbox 961 2326 1031 2386; x_wconf 80' lang='lat' dir='ltr'>qua</span> 
     </span>
     <span class='ocr_line' id='line_1_22' title="bbox 97 2400 1032 2480; baseline -0.002 -16"><span class='ocrx_word' id='word_1_144' title='bbox 97 2403 282 2480; x_wconf 89' lang='lat' dir='ltr'>capitulum,</span> <span class='ocrx_word' id='word_1_145' title='bbox 300 2402 350 2463; x_wconf 87' lang='lat' dir='ltr'>vel</span> <span class='ocrx_word' id='word_1_146' title='bbox 364 2400 533 2480; x_wconf 80' lang='lat' dir='ltr'>collegium</span> <span class='ocrx_word' id='word_1_147' title='bbox 553 2418 616 2461; x_wconf 93' lang='lat' dir='ltr'>non</span> <span class='ocrx_word' id='word_1_148' title='bbox 635 2401 762 2478; x_wconf 88' lang='lat' dir='ltr'>habeut,</span> <span class='ocrx_word' id='word_1_149' title='bbox 780 2402 925 2463; x_wconf 88' lang='lat' dir='ltr'>alienatio</span> <span class='ocrx_word' id='word_1_150' title='bbox 941 2404 1032 2463; x_wconf 89' lang='lat' dir='ltr'>unius</span> 
     </span>
     <span class='ocr_line' id='line_1_23' title="bbox 98 2495 1031 2577; baseline 0.001 -19"><span class='ocrx_word' id='word_1_151' title='bbox 98 2497 240 2559; x_wconf 85' lang='lat' dir='ltr'>ecclesiae</span> <span class='ocrx_word' id='word_1_152' title='bbox 255 2503 376 2558; x_wconf 87' lang='lat' dir='ltr'>rectore</span> <span class='ocrx_word' id='word_1_153' title='bbox 391 2496 450 2558; x_wconf 90' lang='lat' dir='ltr'>sub</span> <span class='ocrx_word' id='word_1_154' title='bbox 475 2495 613 2575; x_wconf 89' lang='lat' dir='ltr'>episcopi</span> <span class='ocrx_word' id='word_1_155' title='bbox 633 2496 832 2577; x_wconf 87' lang='lat' dir='ltr'>inquisitione</span> <span class='ocrx_word' id='word_1_156' title='bbox 854 2503 886 2559; x_wconf 91' lang='lat' dir='ltr'>et</span> <span class='ocrx_word' id='word_1_157' title='bbox 905 2499 1031 2560; x_wconf 89' lang='lat' dir='ltr'>decreto</span> 
     </span>
     <span class='ocr_line' id='line_1_24' title="bbox 98 2591 1029 2672; baseline 0 -19"><span class='ocrx_word' id='word_1_158' title='bbox 98 2593 288 2653; x_wconf 89' lang='lat' dir='ltr'>celebratur.</span> <span class='ocrx_word' id='word_1_159' title='bbox 307 2593 370 2654; x_wconf 89' lang='lat' dir='ltr'>Sed</span> <span class='ocrx_word' id='word_1_160' title='bbox 385 2593 433 2652; x_wconf 89' lang='lat' dir='ltr'>his</span> <span class='ocrx_word' id='word_1_161' title='bbox 444 2591 696 2652; x_wconf 88' lang='lat' dir='ltr'>solemnitatibus</span> <span class='ocrx_word' id='word_1_162' title='bbox 710 2592 842 2652; x_wconf 87' lang='lat' dir='ltr'>accessit</span> <span class='ocrx_word' id='word_1_163' title='bbox 856 2611 883 2652; x_wconf 92' lang='lat' dir='ltr'>c.</span> <span class='ocrx_word' id='word_1_164' title='bbox 900 2598 918 2653; x_wconf 65' lang='grc' dir='ltr'><em>Ξ</em></span> <span class='ocrx_word' id='word_1_165' title='bbox 934 2594 1029 2672; x_wconf 89' lang='lat' dir='ltr'>(quod</span> 
     </span>
     <span class='ocr_line' id='line_1_25' title="bbox 98 2683 1031 2763; baseline -0.001 -16"><span class='ocrx_word' id='word_1_166' title='bbox 98 2691 148 2747; x_wconf 87' lang='lat' dir='ltr'>est</span> <span class='ocrx_word' id='word_1_167' title='bbox 162 2685 306 2763; x_wconf 83' lang='lat' dir='ltr'>Gregorii</span> <span class='ocrx_word' id='word_1_168' title='bbox 320 2687 346 2744; x_wconf 84' lang='lat' dir='ltr'>x</span> <span class='ocrx_word' id='word_1_169' title='bbox 362 2685 393 2743; x_wconf 95' lang='lat' dir='ltr'>in</span> <span class='ocrx_word' id='word_1_170' title='bbox 418 2683 634 2763; x_wconf 87' lang='lat' dir='ltr'>Lugdunensi)</span> <span class='ocrx_word' id='word_1_171' title='bbox 648 2683 708 2744; x_wconf 89' lang='lat' dir='ltr'>hoc</span> <span class='ocrx_word' id='word_1_172' title='bbox 726 2683 816 2745; x_wconf 89' lang='lat' dir='ltr'>titulo</span> <span class='ocrx_word' id='word_1_173' title='bbox 831 2686 863 2745; x_wconf 93' lang='lat' dir='ltr'>in</span> <span class='ocrx_word' id='word_1_174' title='bbox 878 2689 921 2762; x_wconf 84' lang='lat'>6⁰,</span> <span class='ocrx_word' id='word_1_175' title='bbox 937 2686 1031 2746; x_wconf 88' lang='lat' dir='ltr'>hene-</span> 
     </span>
     <span class='ocr_line' id='line_1_26' title="bbox 97 2779 1031 2858; baseline -0.001 -18"><span class='ocrx_word' id='word_1_176' title='bbox 97 2779 249 2858; x_wconf 87' lang='lat' dir='ltr'>placitum</span> <span class='ocrx_word' id='word_1_177' title='bbox 272 2779 356 2839; x_wconf 89' lang='lat' dir='ltr'>sedis</span> <span class='ocrx_word' id='word_1_178' title='bbox 380 2779 572 2857; x_wconf 78' lang='lat' dir='ltr'>apostolicae,</span> <span class='ocrx_word' id='word_1_179' title='bbox 598 2779 680 2858; x_wconf 90' lang='lat' dir='ltr'>quod</span> <span class='ocrx_word' id='word_1_180' title='bbox 707 2779 834 2840; x_wconf 90' lang='lat' dir='ltr'>demum</span> <span class='ocrx_word' id='word_1_181' title='bbox 858 2780 898 2840; x_wconf 90' lang='lat' dir='ltr'>ad</span> <span class='ocrx_word' id='word_1_182' title='bbox 923 2797 1031 2840; x_wconf 89' lang='lat' dir='ltr'>omnes</span> 
     </span>
     <span class='ocr_line' id='line_1_27' title="bbox 98 2875 1032 2954; baseline -0.003 -18"><span class='ocrx_word' id='word_1_183' title='bbox 98 2875 303 2936; x_wconf 89' lang='lat' dir='ltr'>alienationes</span> <span class='ocrx_word' id='word_1_184' title='bbox 317 2877 511 2952; x_wconf 88' lang='lat' dir='ltr'>protractum</span> <span class='ocrx_word' id='word_1_185' title='bbox 522 2880 569 2937; x_wconf 92' lang='lat' dir='ltr'>est</span> <span class='ocrx_word' id='word_1_186' title='bbox 582 2892 640 2953; x_wconf 89' lang='lat' dir='ltr'>per</span> <span class='ocrx_word' id='word_1_187' title='bbox 657 2877 913 2954; x_wconf 85' lang='lat' dir='ltr'>extravagantem</span> <span class='ocrx_word' id='word_1_188' title='bbox 927 2875 1032 2936; x_wconf 85' lang='lat' dir='ltr'>Ambi-</span> 
     </span>
     <span class='ocr_line' id='line_1_28' title="bbox 98 2969 920 3050; baseline 0 -20"><span class='ocrx_word' id='word_1_189' title='bbox 98 2969 180 3030; x_wconf 82' lang='lat' dir='ltr'>tiosoe</span> <span class='ocrx_word' id='word_1_190' title='bbox 193 2970 277 3032; x_wconf 90' lang='lat' dir='ltr'>inter</span> <span class='ocrx_word' id='word_1_191' title='bbox 291 2986 484 3047; x_wconf 90' lang='lat' dir='ltr'>communes,</span> <span class='ocrx_word' id='word_1_192' title='bbox 500 2971 610 3048; x_wconf 90' lang='lat' dir='ltr'>paucis</span> <span class='ocrx_word' id='word_1_193' title='bbox 625 2971 762 3050; x_wconf 84' lang='lat' dir='ltr'>exceptis</span> <span class='ocrx_word' id='word_1_194' title='bbox 777 2970 920 3032; x_wconf 88' lang='lat' dir='ltr'>casibus:</span> 
     </span>
    </p>

    <p class='ocr_par' dir='ltr' id='par_1_6' title="bbox 97 3065 1031 3318">
     <span class='ocr_line' id='line_1_29' title="bbox 139 3065 1030 3145; baseline -0.001 -20"><span class='ocrx_word' id='word_1_195' title='bbox 139 3067 170 3125; x_wconf 76' lang='grc' dir='ltr'>1ο</span> <span class='ocrx_word' id='word_1_196' title='bbox 195 3066 228 3126; x_wconf 83' lang='grc'>81</span> <span class='ocrx_word' id='word_1_197' title='bbox 251 3069 365 3144; x_wconf 88' lang='lat' dir='ltr'>agatur</span> <span class='ocrx_word' id='word_1_198' title='bbox 388 3066 428 3125; x_wconf 90' lang='lat' dir='ltr'>de</span> <span class='ocrx_word' id='word_1_199' title='bbox 450 3083 485 3124; x_wconf 90' lang='lat' dir='ltr'>re</span> <span class='ocrx_word' id='word_1_200' title='bbox 511 3065 664 3127; x_wconf 84' lang='lat' dir='ltr'>immobili</span> <span class='ocrx_word' id='word_1_201' title='bbox 688 3067 814 3145; x_wconf 89' lang='lat' dir='ltr'>quidem</span> <span class='ocrx_word' id='word_1_202' title='bbox 837 3067 892 3128; x_wconf 87' lang='lat' dir='ltr'>sed</span> <span class='ocrx_word' id='word_1_203' title='bbox 916 3065 1030 3126; x_wconf 89' lang='lat' dir='ltr'>modici</span> 
     </span>
     <span class='ocr_line' id='line_1_30' title="bbox 97 3160 1031 3239; baseline 0 -19"><span class='ocrx_word' id='word_1_204' title='bbox 97 3160 224 3236; x_wconf 86' lang='lat' dir='ltr'>valoris,</span> <span class='ocrx_word' id='word_1_205' title='bbox 242 3177 312 3239; x_wconf 85' lang='lat' dir='ltr'>quae</span> <span class='ocrx_word' id='word_1_206' title='bbox 326 3163 365 3220; x_wconf 78' lang='lat'>25</span> <span class='ocrx_word' id='word_1_207' title='bbox 387 3160 573 3221; x_wconf 88' lang='lat' dir='ltr'>ducatorum</span> <span class='ocrx_word' id='word_1_208' title='bbox 594 3161 645 3220; x_wconf 89' lang='lat' dir='ltr'>vel</span> <span class='ocrx_word' id='word_1_209' title='bbox 664 3161 748 3223; x_wconf 88' lang='lat' dir='ltr'>circa</span> <span class='ocrx_word' id='word_1_210' title='bbox 768 3165 808 3223; x_wconf 76' lang='lat' dir='ltr'>lo</span> <span class='ocrx_word' id='word_1_211' title='bbox 828 3179 1031 3223; x_wconf 87' lang='lat' dir='ltr'>romanorum</span> 
     </span>
     <span class='ocr_line' id='line_1_31' title="bbox 97 3254 702 3318; baseline 0.003 -4"><span class='ocrx_word' id='word_1_212' title='bbox 97 3258 293 3316; x_wconf 87' lang='lat' dir='ltr'>scutatorum</span> <span class='ocrx_word' id='word_1_213' title='bbox 306 3255 445 3315; x_wconf 88' lang='lat' dir='ltr'>valorem</span> <span class='ocrx_word' id='word_1_214' title='bbox 459 3272 522 3315; x_wconf 93' lang='lat' dir='ltr'>non</span> <span class='ocrx_word' id='word_1_215' title='bbox 537 3254 702 3318; x_wconf 82' lang='lat' dir='ltr'>excedunt.</span> 
     </span>
    </p>

    <p class='ocr_par' dir='ltr' id='par_1_7' title="bbox 94 3349 1029 3619">
     <span class='ocr_line' id='line_1_32' title="bbox 137 3349 1029 3428; baseline -0.001 -18"><span class='ocrx_word' id='word_1_216' title='bbox 137 3354 169 3410; x_wconf 74' lang='lat'>2⁰</span> <span class='ocrx_word' id='word_1_217' title='bbox 184 3351 216 3412; x_wconf 89' lang='lat' dir='ltr'>Si</span> <span class='ocrx_word' id='word_1_218' title='bbox 231 3368 334 3410; x_wconf 90' lang='lat' dir='ltr'>sermo</span> <span class='ocrx_word' id='word_1_219' title='bbox 349 3350 390 3410; x_wconf 90' lang='lat' dir='ltr'>sit</span> <span class='ocrx_word' id='word_1_220' title='bbox 404 3349 442 3409; x_wconf 92' lang='lat' dir='ltr'>de</span> <span class='ocrx_word' id='word_1_221' title='bbox 456 3349 548 3410; x_wconf 88' lang='lat' dir='ltr'>honis</span> <span class='ocrx_word' id='word_1_222' title='bbox 563 3367 634 3428; x_wconf 79' lang='lat' dir='ltr'>quae</span> <span class='ocrx_word' id='word_1_223' title='bbox 656 3351 725 3410; x_wconf 88' lang='lat' dir='ltr'>dari</span> <span class='ocrx_word' id='word_1_224' title='bbox 746 3353 978 3414; x_wconf 87' lang='lat' dir='ltr'>consueverunt</span> <span class='ocrx_word' id='word_1_225' title='bbox 997 3351 1029 3409; x_wconf 89' lang='lat' dir='ltr'>in</span> 
     </span>
     <span class='ocr_line' id='line_1_33' title="bbox 95 3444 1029 3523; baseline -0.001 -17"><span class='ocrx_word' id='word_1_226' title='bbox 95 3446 340 3523; x_wconf 85' lang='lat' dir='ltr'>emphyteusim,</span> <span class='ocrx_word' id='word_1_227' title='bbox 356 3445 406 3506; x_wconf 83' lang='lat' dir='ltr'>vel</span> <span class='ocrx_word' id='word_1_228' title='bbox 420 3444 600 3504; x_wconf 89' lang='lat' dir='ltr'>infeudari:</span> <span class='ocrx_word' id='word_1_229' title='bbox 624 3445 794 3507; x_wconf 91' lang='lat' dir='ltr'>dummodo</span> <span class='ocrx_word' id='word_1_230' title='bbox 815 3448 846 3506; x_wconf 89' lang='lat' dir='ltr'>iu</span> <span class='ocrx_word' id='word_1_231' title='bbox 870 3448 954 3508; x_wconf 89' lang='lat' dir='ltr'>nullo</span> <span class='ocrx_word' id='word_1_232' title='bbox 977 3447 1029 3505; x_wconf 90' lang='lat' dir='ltr'>dc-</span> 
     </span>
     <span class='ocr_line' id='line_1_34' title="bbox 94 3541 938 3619; baseline -0.004 -13"><span class='ocrx_word' id='word_1_233' title='bbox 94 3541 204 3618; x_wconf 82' lang='lat' dir='ltr'>terior‚</span> <span class='ocrx_word' id='word_1_234' title='bbox 220 3543 282 3602; x_wconf 91' lang='lat' dir='ltr'>imo</span> <span class='ocrx_word' id='word_1_235' title='bbox 298 3541 408 3602; x_wconf 89' lang='lat' dir='ltr'>melior</span> <span class='ocrx_word' id='word_1_236' title='bbox 421 3558 545 3619; x_wconf 87' lang='lat' dir='ltr'>semper</span> <span class='ocrx_word' id='word_1_237' title='bbox 558 3543 613 3602; x_wconf 82' lang='lat' dir='ltr'>fiat</span> <span class='ocrx_word' id='word_1_238' title='bbox 627 3541 775 3604; x_wconf 78' lang='lat' dir='ltr'>Ecclesiae</span> <span class='ocrx_word' id='word_1_239' title='bbox 788 3544 938 3604; x_wconf 71' lang='lat' dir='ltr'>conditio,</span> 
     </span>
    </p>
   </div>
   <div class='ocr_carea' id='block_1_4' title="bbox 0 0 1228 4125">
    <p class='ocr_par' dir='ltr' id='par_1_8' title="bbox 0 0 1228 4125">
     <span class='ocr_line' id='line_1_35' title="bbox 0 0 1228 4125; baseline 0 0"><span class='ocrx_word' id='word_1_240' title='bbox 0 0 1228 4125; x_wconf 95' lang='lat' dir='ltr'> </span> 
     </span>
    </p>
   </div>
  </div>
 </body>
</html>
