2442 4125
339 345 378 391 nn
398 345 527 392 cursuro
546 346 629 394 rums
651 348 806 396 cruenter.
978 341 1036 402 309

144 489 226 552 XIII.
242 487 339 550 Besos
353 490 460 550 sutem
474 506 570 567 supra
584 507 663 570 ques
677 491 755 572 ertgi
771 493 888 556 debent
900 495 1037 557 semina-

101 585 153 647 ris
165 585 216 646 11ae
229 583 357 644 luerunt
371 583 495 661 abipso
509 584 693 648 Tridentino
708 587 881 668 designate
898 610 905 652 :

144 683 176 741 1⁰
190 679 281 741 Citra
294 678 452 740 delectum
467 696 639 757 puerorum
657 682 924 747 admittendorum
939 687 1037 749 voluit

100 779 139 837 ut
152 792 217 836 non
230 774 446 852 reciperentur
459 775 520 836 ulsi
540 777 595 856 qui
617 777 658 838 ad
681 777 847 840 minimum
869 782 1036 844 duodecim

100 885 204 930 unnos
217 866 371 929 haberent
384 870 416 928 et
430 885 468 927 ex
481 867 622 947 legitimo
632 862 833 933 matrimonio
844 873 908 934 nati
919 878 1034 950 essent,

100 968 135 1027 et
147 965 255 1044 legere
269 966 301 1026 et
313 962 452 1024 scribere
461 968 678 1042 competenter
688 968 844 1044 noverint,
855 970 888 1030 et
901 985 1036 1047 quorum

98 1061 227 1123 indoles
253 1067 286 1121 et
311 1060 455 1122 voluntas
478 1078 569 1139 spem
590 1061 717 1122 efferret
739 1079 794 1124 eos
817 1063 1036 1126 ecclesiasticis

99 1155 284 1217 ministeriis
304 1159 457 1235 perpetuo
481 1155 704 1217 deservituros.
729 1159 907 1238 Pauperum
931 1163 1036 1222 eutem

98 1252 159 1314 filii
173 1251 332 1331 praecipue
345 1251 548 1331 eli3erentur,
565 1269 624 1312 nec
637 1255 743 1314 tumen
768 1253 916 1339 ditiorum
931 1256 1037 1322 exclu-

100 1349 255 1410 derentur
267 1348 363 1410 modo
376 1365 434 1409 suo
448 1353 577 1426 sumptu
590 1347 752 1411 alerentur
765 1353 797 1413 et
809 1351 950 1416 studium
957 1371 1036 1433 prae·

99 1444 258 1506 seferrent
269 1447 334 1506 Deo
349 1447 381 1505 et
394 1444 541 1506 Ecclesire
554 1445 758 1507 inserviendi.

142 1543 176 1600 2⁰
191 1540 298 1611 Quoad
314 1539 512 1601 alumnorum
527 1540 696 1617 incessum,
715 1542 869 1618 habitum,
887 1541 991 1602 studia
1005 1547 1037 1603 et

99 1637 259 1716 integrum
271 1635 365 1716 hujus
379 1636 503 1716 collegii
516 1636 714 1715 disciplinam
726 1636 861 1698 sancivit
876 1657 883 1697 :
900 1643 935 1698 ut
948 1637 980 1698 in
990 1641 1037 1700 tot

100 1734 221 1795 classes
241 1731 466 1795 deriderentur
486 1739 564 1812 quot
586 1733 734 1812 epIscopo
755 1731 922 1810 videbitur,
945 1733 1035 1814 juxte

99 1829 230 1890 illorum
243 1846 421 1905 numerum,
438 1830 564 1890 aetstem
585 1834 617 1892 et
636 1829 669 1889 In
690 1827 856 1908 discipline
876 1829 1037 1892 ecclesias·

100 1925 169 1986 tice
180 1942 420 2004 progressum...
437 1927 569 1985 tonsure
582 1924 690 1986 stetim
713 1927 745 1986 et
768 1924 878 1987 habitu
899 1923 1035 1986 clericali

100 2039 231 2101 semper
248 2024 427 2097 uterentur‚-
446 2019 678 2101 grammaticos,
706 2024 816 2082 contus
841 2020 1037 2101 (Gregoriuni

103 2118 251 2182 videlicet
264 2121 299 2179 ut
312 2117 484 2179 declaravit
496 2118 684 2179 Benedictus
695 2117 764 2178 Xlll
779 2117 831 2179 cit.
847 2118 934 2197 loc),
951 2135 1037 2179 com-

100 2213 172 2294 puti
187 2212 401 2290 ecclesiastici,
423 2213 620 2292 aliorumque
642 2212 800 2273 honarum
819 2212 935 2273 ortium
959 2212 1036 2292 (tsn-

102 2313 174 2367 tum
187 2306 232 2367 uti
247 2306 420 2369 declaravit
431 2306 517 2367 idem
530 2304 622 2383 ibid.)
639 2304 803 2384 discipline
817 2305 1034 2367 erudirentur:

103 2403 138 2464 S.
156 2401 362 2481 Scriptorum,
378 2402 475 2462 libros
490 2400 728 2479 ecclesiasticos,
754 2401 899 2463 homilias
913 2406 1037 2465 sancto·
1093 2434 1099 2445 ·

101 2516 176 2559 rum
197 2504 230 2559 et
251 2500 523 2559 sacramentorum
545 2497 784 2576 tradendorum,
807 2500 944 2562 manme
966 2517 1036 2580 quae

102 2594 145 2655 sd
169 2593 381 2655 confessiones
406 2592 581 2655 audiendas
604 2593 796 2655 videbuntur
814 2600 993 2674 opportuno
1006 2598 1037 2655 et

102 2686 223 2748 rituum
236 2693 269 2747 et
282 2686 541 2749 ceremoniarum
555 2686 673 2749 formas
689 2687 875 2747 ediscerent.

144 2779 283 2859 Singulis
298 2779 409 2841 diebus
422 2779 575 2841 sacrificio
588 2779 786 2857 Interessent,
802 2782 834 2841 et
846 2778 958 2841 saltem
973 2779 1037 2841 siu-

102 2875 186 2957 gulis
199 2877 361 2939 mensibus
376 2877 601 2938 confiterentur
613 2882 755 2955 peccota,
768 2880 800 2938 et
809 2875 901 2957 juxte
914 2876 1037 2939 confes-

103 2972 184 3034 soris
193 2971 349 3051 judicium
363 2976 489 3034 sument
502 2990 616 3052 corpus
636 2975 673 3034 D.
689 2975 726 3033 N.
747 2975 777 3035 J.
800 2974 834 3035 G.
858 2971 1037 3035 (lethedrsli

103 3073 137 3131 et
148 3069 219 3130 aliis
232 3070 294 3131 loci
308 3070 447 3131 ecclesiis
462 3070 572 3131 diebus
585 3069 673 3131 festis
696 3069 905 3131 Inservisnt...
923 3068 1037 3130 Discoli

103 3165 212 3223 sutem
226 3168 259 3223 et
280 3162 509 3242 incorrigibiles
532 3162 737 3223 etmalorum
756 3180 879 3224 morum
903 3161 1036 3223 semina-

102 3262 189 3319 tores
212 3259 327 3321 ecriter
348 3259 548 3339 punirentur,
574 3278 628 3321 eos
652 3259 758 3337 etiem,
782 3261 809 3320 si
830 3278 908 3339 opus
929 3260 1034 3337 fuerit,

102 3352 289 3431 expellendo
303 3361 340 3417 ut
353 3356 460 3417 omnis
471 3356 697 3435 impedimenta
719 3356 759 3417 sd
784 3357 1036 3419 conservandum

101 3450 134 3508 et
148 3449 331 3529 sugendum
344 3457 411 3513 tam
425 3452 512 3531 pium
526 3455 559 3515 et
572 3456 716 3515 sanctum
736 3451 912 3515 institutum
933 3472 1037 3516 remo-

100 3546 246 3605 veantur.
