2442 4125
325 313 365 358 ΒΕ
385 312 514 360 OBJBCTO
533 312 616 360 tUdJS
638 311 793 360 usuoulun
965 304 1031 362 337*

126 457 187 518 His
199 456 291 518 malis
304 454 481 517 remedium
494 456 607 516 afferre
617 457 650 516 et
658 454 727 517 aliis
741 455 923 537 hujusmodi
932 459 1024 522 malis

81 558 283 616 curaverunt
296 552 386 613 varia
396 551 540 628 concilia,
553 549 654 614 donee
664 553 780 614 Paulus
789 555 827 630 ll,
840 554 956 616 saecum
967 571 1020 632 xv,

83 654 252 728 extravag.
264 645 443 725 Ambitione,
457 645 602 710 debonis
616 647 790 710 alienandis
800 649 851 710 vel
860 665 936 726 non,
948 667 1024 711 oon-

84 747 215 806 flrmato
233 743 286 806 vel
308 741 458 824 ampliato
481 743 579 805 veteri
600 743 672 824 jure
696 743 780 806 circa
801 744 1023 806 alienationem

83 842 246 905 bonorum
268 840 562 917 ecelesiasticorum,
590 839 753 902 interdixit
780 857 819 900 ne
842 841 1022 919 importune

84 939 175 999 bona
200 936 349 999 Ecclesiae
376 934 592 998 alienarentur
619 935 685 996 siue
713 935 910 1016 heneplacito
938 937 1023 998 sedis

86 1030 291 1110 Apostolicoe.
314 1029 393 1090 Huic
416 1029 589 1091 conditioni
610 1029 674 1090 alia
693 1027 789 1091 v'ariis
810 1029 842 1090 in
858 1029 935 1092 locis
953 1047 1023 1090 suc·

87 1126 184 1188 cessit
198 1125 305 1204 placiti
321 1125 412 1205 regii,
432 1125 493 1186 sub
513 1127 666 1204 praetextu
685 1124 860 1188 advocatia
883 1125 933 1187 vel
954 1141 1022 1186 cus

87 1222 184 1285 todia
198 1221 359 1298 Ecclesia,
375 1238 446 1301 qua
460 1220 487 1282 si
500 1223 605 1300 potest
619 1219 742 1282 admitti
756 1221 816 1282 hae
836 1220 870 1282 in
890 1239 937 1297 re,
959 1237 1022 1283 nou

88 1325 177 1381 certo
190 1317 223 1378 in
237 1335 334 1379 causa
347 1317 515 1393 contraria,
531 1314 679 1378 videlicet
692 1315 907 1397 acquisitionis
925 1315 1023 1378 hono·

88 1431 162 1476 rum
184 1413 468 1475 aeclesiasticorum
490 1413 531 1474 ob
553 1411 659 1490 legem
681 1410 937 1476 amortizabouis.
959 1411 1023 1474 Sed

89 1509 129 1571 dc
143 1509 239 1570 bisin
254 1527 311 1570 suo
325 1508 396 1570 loco
411 1525 467 1569 seu
481 1508 513 1568 iu
527 1511 612 1568 statu
626 1510 754 1570 externo
769 1506 927 1568 Ecclesia.

128 1602 273 1665 Breviter
300 1602 538 1682 explanabimus
562 1600 654 1681 juxta
681 1591 844 1661 Paulinam
872 1597 1023 1660 constitu-

89 1701 210 1762 tionem
221 1697 417 1760 Ambitiosoe:
742 1767 747 1776 δ

131 1801 162 1859 l⁰
177 1797 252 1868 Quae
266 1796 352 1857 bona
363 1793 592 1875 prohibeantur
605 1790 746 1865 alienari,
764 1791 882 1872 etquid
896 1789 1022 1853 nomine

89 1891 302 1966 alienationis;

128 1993 161 2051 2⁰
176 1989 251 2061 Qua
268 2003 371 2048 causa
385 1985 506 2067 possint
520 1985 727 2048 cohonestare
742 1984 980 2061 alienationem

128 2089 161 2147 3⁰
175 2083 310 2157 Quinam
323 2084 387 2146 sint
400 2085 530 2147 eftectus
543 2082 743 2149 adorationis
757 2100 821 2144 uon
839 2082 899 2145 rite
917 2082 1018 2145 faeta.

306 2303 311 2313 ,
360 2264 373 2312 s
386 2260 408 2305 1.
422 2271 451 2305 nr
464 2269 531 2305 norm
546 2270 591 2304 nou
607 2268 754 2304 murrinum.

127 2371 180 2431 lll.
202 2371 271 2431 Non
293 2367 401 2431 omnia
421 2367 507 2430 bona
525 2368 713 2447 temporalia
732 2365 880 2431 Ecclesia
898 2369 964 2433 sive
985 2387 1023 2431 ea

74 2460 234 2540 'Episcopi
248 2460 497 2541 clericorumque
512 2461 740 2541 sustentationi,
758 2464 823 2525 sive
845 2463 961 2527 adium
975 2482 1022 2526 sa·

89 2574 214 2619 crarum
228 2554 470 2634 conservationi,
486 2557 552 2619 sive
567 2558 777 2637 monasteriis,
789 2560 855 2621 sive
870 2561 939 2620 aliis
952 2558 1024 2619 reli·

88 2651 183 2733 gineis
204 2651 304 2729 piisve
326 2652 404 2715 locis
423 2653 613 2730 inserviant,
635 2654 754 2717 cadunt
775 2654 834 2715 sub
855 2654 1021 2716 interdicto

90 2748 128 2809 de
151 2745 244 2808 bonis
263 2747 490 2826 temporalibus
508 2748 656 2810 Ecclesiae
676 2766 740 2821 non
759 2748 945 2826 alienandis,
966 2748 1022 2811 sed

89 2843 190 2904 solum
204 2859 262 2921 pro
273 2841 346 2923 jure
361 2860 423 2924 quo
439 2844 568 2922 utimur,
585 2845 644 2909 sub
659 2846 719 2908 boc
729 2844 895 2909 interdicto
905 2846 1023 2909 cadunt

89 2954 137 2997 res
160 2936 338 2999 immobiles
361 2938 412 2999 vel
432 2938 563 3001 mobiles
584 2939 744 3018 pretiosae,
771 2955 840 3019 qua
864 2939 1021 3001 servando

89 3031 207 3093 servari
221 3049 284 3094 non
297 3037 441 3112 possunt.

126 3132 188 3189 fles
215 3126 392 3190 immobiles
420 3130 489 3192 alia
518 3134 593 3193 sunt
615 3131 741 3210 propria
765 3128 869 3208 dicta,
896 3148 945 3193 cx.
971 3150 1019 3211 gr.

87 3223 220 3305 praedis3
246 3226 317 3286 alia
335 3225 507 3307 improprie
529 3227 621 3289 dicta
643 3243 713 3306 quae
733 3225 853 3307 injure
872 3226 955 3289 civili
977 3229 1021 3290 di-

88 3322 201 3382 cuutur
213 3319 438 3399 incorporales,
455 3322 486 3384 id
505 3328 553 3383 est
561 3322 636 3403 jura
651 3322 768 3399 omnia,
785 3340 833 3385 ex.
846 3342 909 3402 gn,
926 3324 1022 3387 servi·

86 3419 177 3492 tutes,
194 3433 321 3495 census,
338 3417 548 3498 obligationes
561 3420 765 3498 actionesque
781 3420 1018 3484 ad‘immohilia.

88 3510 300 3574 lmmohilibus
314 3514 441 3592 proprie
455 3513 548 3578 dictis
563 3520 770 3577 accensentur
783 3534 834 3578 res
844 3517 910 3580 solo
921 3518 1022 3581 cobes-
