2442 4125
174 346 215 405 28
384 352 615 400 lnsrlro'rlortss
635 353 719 397 sums
740 353 897 399 GAEOMGI.

216 507 285 565 Uno
309 499 406 561 verbo
429 499 520 560 sicuti
548 516 606 556 ano
632 498 666 556 in
688 498 820 576 singulis
841 500 1039 562 dioecesibus
1070 510 1129 565 est

175 597 307 661 Ecclesia
320 604 425 671 muter,
442 593 587 655 videlicet
600 594 803 672 cathedralis,
820 597 872 656 ubi
887 598 978 660 sedet
986 602 1128 678 Episco-

175 712 235 774 pus
248 693 303 772 qui
317 696 364 753 est
379 695 480 769 pater,
495 690 540 751 ita
553 690 724 768 originario
738 692 878 769 quodam
893 693 967 773 jure
981 715 1047 755 una
1069 701 1128 759 est

175 790 315 853 Ecclesia
328 785 535 867 baptismalis.
548 786 613 847 Sed
623 787 703 847 siout
716 792 884 866 paternum
898 791 959 851 boo
973 792 1126 853 officium

176 892 224 949 est
236 889 269 948 in
283 885 361 946 alios
379 880 591 961 praesbyteros
609 881 767 944 ordinario
787 884 977 964 derivatum,
994 894 1028 951 et
1043 891 1125 952 aliae

176 987 289 1046 erectae
302 980 450 1041 Ecclesiae
464 978 672 1058 parochiales,
687 980 731 1040 ita
745 984 777 1041 et
790 981 851 1043 boc
865 984 1072 1065 privilegium
1088 990 1124 1048 in

176 1080 254 1141 alias
275 1077 428 1137 Ecclesiae
447 1073 625 1136 derivatum
644 1080 703 1137 est.
720 1078 760 1138 Et
780 1078 841 1138 boo
862 1081 992 1158 quidem
1010 1085 1122 1162 primo

176 1175 354 1236 derivatum
377 1176 424 1233 est
445 1172 477 1230 in
501 1172 668 1249 parochias
695 1173 826 1249 rurales,
851 1174 925 1236 dein
947 1179 982 1236 in
1005 1180 1123 1242 civita-

175 1276 292 1345 tenses,
309 1274 341 1331 et
354 1267 474 1329 facilius
488 1266 521 1326 in
534 1267 616 1343 illas,
633 1267 791 1330 difficilius
804 1270 838 1330 in
851 1272 928 1332 istas
941 1275 983 1334 ob
997 1278 1045 1335 rei
1061 1296 1123 1355 op-

176 1366 400 1447 portunitatem
417 1382 425 1422 :
443 1366 534 1423 aucto
545 1364 661 1441 populo
673 1364 843 1425 christiano
853 1370 886 1426 et
898 1368 1121 1446 multiplicatis

176 1460 344 1544 parochiis,
361 1473 424 1517 non
439 1454 530 1515 facilc
544 1460 592 1517 est
608 1456 674 1536 juri
692 1458 893 1536 antiquarum
911 1458 1119 1538 derogatum,

176 1576 247 1637 quae
261 1556 348 1619 velut
361 1557 478 1615 matres
493 1551 588 1614 etiam
603 1551 790 1613 inferiorum
803 1553 1028 1631 parochiarum
1042 1573 1121 1615 oon-

176 1653 321 1721 sideratae
336 1653 419 1711 sunt.

217 1751 249 1808 2⁰
273 1748 376 1817 Ouum
397 1739 537 1802 Ecclesia
558 1741 740 1818 materialis,
755 1744 838 1803 inter
858 1742 936 1803 alias
963 1745 1119 1821 mysticas

176 1838 431 1919 significationes,
441 1840 647 1914 repraesentet
655 1837 850 1914 spiritualem
858 1838 1007 1899 Ecclesiae
1015 1840 1120 1899 socie-

176 1943 274 2001 tatem
292 1934 343 1995 cni
362 1951 419 2012 per
435 1930 594 2009 baptisma
608 1949 831 2012 aggregamur,
848 1933 888 1993 sit
907 1934 996 1994 locus
1018 1936 1118 1997 cultui

177 2034 302 2117 publico
332 2029 508 2094 destinatus
540 2028 591 2089 oui
623 2027 819 2090 admittimur
849 2047 907 2109 per
933 2030 1114 2111 baptisma,
1220 2027 1221 2051 ³

176 2133 308 2212 proinde
336 2131 376 2192 sil
404 2127 564 2207 expressio
593 2125 689 2185 etiam
718 2129 855 2184 externae
884 2127 1116 2186 communionis

177 2228 366 2299 christianae,
379 2223 520 2283 Ecclesia
534 2238 605 2300 quae
619 2219 701 2281 solet
713 2235 750 2277 ex
765 2216 938 2279 visibilibus
952 2220 993 2279 ad
1008 2220 1117 2281 invisi-

177 2319 253 2380 bilia
266 2319 391 2378 elevare
406 2317 560 2390 homines,
573 2319 604 2376 et
619 2314 783 2393 disciplina
792 2316 969 2392 exprimere
984 2315 1112 2394 dogma,

179 2413 273 2492 bajus
293 2411 381 2472 modi
400 2410 502 2470 fontes
522 2410 727 2488 baptismales
749 2412 849 2471 erexit
868 2429 996 2490 semper
1015 2429 1115 2491 prope

174 2510 307 2591 januam
328 2505 480 2581 ecelesia,
503 2509 535 2566 et
556 2505 792 2586 utplurimum,
816 2507 912 2568 etiam
932 2511 1033 2583 extra,
1057 2508 1114 2568 sed

129 2643 134 2658 .
178 2621 277 2685 prope
291 2601 475 2676 Ecclesiam,
492 2602 605 2662 erectis
619 2602 718 2661 sacris
731 2600 872 2662 adionlis
890 2619 990 2681 prope
1009 2604 1115 2664 Eoole·
1220 2677 1221 2682 γ

178 2704 251 2780 sias,
268 2701 323 2764 ubi
335 2701 492 2782 baptisma
504 2700 708 2774 tribueretur,
724 2717 795 2780 quae
810 2699 981 2779 bopb'sterio
999 2704 1112 2763 vocata

178 2803 262 2863 sunt.

218 2899 285 2958 Hoc
299 2896 394 2974 caput
409 2892 581 2971 disciplinae
596 2891 695 2952 babet
709 2892 823 2970 praeter
833 2893 1049 2971 exceptionem
1062 2909 1113 2954 co-
1218 2892 1219 2895 ’

178 3009 231 3053 sus
259 2992 463 3066 necessitatis,
490 2989 585 3049 aliam
613 2988 841 3065 exceptionem,
871 2989 898 3048 si
924 3006 1037 3068 regum
1062 2992 1112 3051 vel

178 3087 356 3166 principum
364 3084 447 3146 filius
456 3087 495 3147 sit
504 3082 725 3162 baptizandus,
739 3101 777 3142 cx
787 3082 920 3145 concilio
930 3087 1109 3147 Viennensi.

179 3180 276 3244 Addit
290 3181 412 3242 Rituale
428 3181 486 3241 boc
507 3181 576 3240 ficri
594 3179 712 3239 debere
730 3180 764 3238 in
785 3195 896 3239 eorum
910 3183 1065 3258 oratoriis,
1080 3186 1112 3244 et

178 3293 263 3354 aqua
275 3273 455 3354 baptismali
473 3273 513 3334 de
531 3291 619 3334 more
637 3272 816 3348 benedicta,
833 3273 872 3332 de
893 3293 957 3352 qua
975 3283 1110 3352 postmo-

178 3368 255 3429 dum
271 3369 448 3448 loquemur.
466 3369 539 3428 Haec
554 3368 696 3446 exceptio
714 3366 883 3444 inbuenda
896 3372 944 3429 est
964 3371 1110 3434 Ecclesia

178 3465 353 3544 prudentie
368 3482 439 3543 quae
454 3463 548 3525 soluit
561 3481 697 3542 semper,
714 3461 841 3541 quando
861 3466 963 3541 potuit
980 3467 1047 3526 sine
1064 3466 1110 3528 di-

178 3560 243 3619 vini
263 3560 365 3622 cultas
383 3557 518 3637 jactura,
535 3559 714 3636 principum
727 3557 848 3618 animos
861 3559 922 3619 sibi
936 3559 1105 3639 devincire,
