2442 4125
363 313 401 356 llll
422 313 551 360 ausura
570 311 654 358 sums
676 313 832 359 coronel.
1004 305 1065 361 209

172 458 252 530 Quid
266 459 383 532 autem,
400 455 427 515 si
441 456 510 534 quis
524 454 649 535 alleget,
666 455 752 535 quod
766 455 843 516 dum
857 455 994 518 exterius
1007 476 1065 536 per

127 557 217 616 certa
243 552 360 613 indicia
388 551 469 612 serio
498 551 726 628 consentiebat,
757 569 820 614 non
847 554 1065 616 consentiebat

125 649 284 712 interius?

171 748 284 808 Dicunt
317 745 424 824 plures
458 743 629 807 canonistas
663 744 749 824 quod
775 744 808 805 in
835 744 904 807 foro
932 751 1063 810 externo

124 841 277 906 standum
292 840 332 902 sit
345 857 402 918 pro
416 839 629 915 matrimonio,
644 837 719 901 licet
730 840 764 900 in
773 839 843 902 loro
852 841 976 902 interno
987 845 1063 904 neto

124 957 193 1000 nou
207 938 247 998 sit
260 935 420 1016 obligatio,
438 953 495 996 neo
505 935 609 998 valeat
618 934 866 1013 matrimonium,
878 936 940 996 nisi
947 937 1062 999 iterum

123 1031 354 1096 consentiatur.

169 1126 259 1188 Ratio
283 1124 377 1205 bojus
404 1125 567 1187 sententia
593 1124 750 1204 estquod
773 1143 1062 1188 rernsoonsensus

121 1241 192 1285 non
216 1221 305 1284 adest
328 1221 383 1282 ubi
404 1220 501 1301 signis
525 1219 654 1299 quidem
675 1219 811 1282 exterius
831 1223 1060 1297 manifestatur,

121 1319 183 1382 sed
198 1313 329 1380 interius
343 1317 441 1393 deest,
457 1317 508 1379 vel
521 1315 612 1378 adest
621 1315 791 1393 dissensus,
803 1320 835 1379 et
844 1319 1058 1396 confirmatur,

120 1432 198 1491 cap.
214 1428 299 1488 xxvi,
317 1411 356 1472 de
371 1413 485 1489 Spons.
691 1409 695 1416 '

168 1509 230 1570 Sed
245 1507 313 1568 aliis
327 1507 432 1585 placet
445 1505 599 1567 sententie
614 1523 684 1586 quer
698 1506 776 1568 dicit
788 1523 851 1566 non
866 1507 987 1587 requiri
1004 1526 1061 1569 vo-

119 1607 280 1667 luntatem
292 1605 326 1664 in
346 1603 550 1664 contrahente
569 1602 725 1664 subeundi
743 1601 968 1681 obligationem
987 1620 1059 1663 con·

115 1701 214 1784 jugii‚
244 1699 300 1761 sed
327 1699 428 1760 solam
450 1699 644 1762 voluntatem
667 1699 874 1761 deliberatam
897 1699 1061 1762 emittendi

120 1799 215 1860 illum
238 1813 427 1856 consensum
450 1795 637 1856 exteriorem
661 1795 754 1856 certis
775 1794 901 1856 indiciis
924 1798 955 1857 et
977 1797 1059 1858 serio

120 1893 370 1970 manifestatum,
388 1891 471 1952 unde
486 1910 543 1970 per
556 1909 589 1952 se
606 1892 706 1953 oritur
725 1891 875 1970 obligatio
897 1893 1056 1954 connubii.

121 1995 194 2054 Non
219 1991 302 2051 enim
325 1992 372 2050 est
395 1987 524 2049 interior
546 1988 645 2048 animi
667 2005 838 2047 consensus
861 1987 915 2066 qui
938 1987 1060 2048 inducit

123 2088 360 2167 obligationem,
377 2085 433 2146 sed
448 2085 584 2146 exterior
597 2084 766 2145 voluntatis
780 2082 991 2144 manifestatio
1004 2082 1061 2144 de·

120 2185 268 2258 liberata,
286 2187 317 2243 et
331 2182 423 2257 sorio,
441 2183 472 2241 et
486 2181 578 2241 certis
592 2178 717 2240 indiciis
730 2178 1060 2255 emissaetecceptata

122 2277 179 2339 ubi
208 2276 349 2337 consistit
377 2278 567 2350 contractus,
597 2276 630 2335 et
656 2272 740 2334 unde
767 2273 867 2335 oritur
894 2272 1056 2352 obligatio,

121 2369 230 2450 prouti
243 2369 278 2431 iit
291 2368 324 2428 in
339 2368 460 2430 caeteris
470 2367 693 2428 conuentibus.

164 2469 238 2528 lam
252 2482 326 2527 vero
341 2465 409 2527 haec
424 2463 597 2525 deliberata
610 2465 756 2527 voluntas
770 2466 986 2528 consentiendi
1006 2485 1060 2527 ex-

122 2565 241 2640 terius,
258 2562 333 2624 dum
348 2563 418 2643 quis
432 2561 588 2624 consentit
601 2562 737 2623 extenua
751 2564 929 2624 necessario
948 2563 1059 2625 adesse

124 2660 229 2721 debet.
246 2658 323 2719 Inde
336 2658 447 2720 volunt
460 2656 581 2735 tollere,
599 2657 659 2718 bac
673 2657 705 2717 in
720 2675 767 2733 re,
785 2674 913 2717 omnem
927 2656 1059 2717 distinc-

124 2757 243 2820 tionem
257 2756 316 2817 fori
330 2755 444 2818 interni
464 2759 495 2817 et
515 2754 647 2830 externi,
663 2760 695 2815 et
709 2758 810 2816 ortam
825 2753 877 2815 vel
896 2771 961 2814 non
980 2753 1057 2814 obli-

123 2851 286 2931 gationem
309 2850 341 2911 in
364 2850 433 2913 foro
455 2852 591 2927 interno,
617 2850 743 2930 quando
768 2852 837 2911 orta
860 2847 902 2909 sit
922 2847 973 2907 vel
996 2864 1058 2908 non

123 2952 196 3009 orta
209 2947 241 3007 in
256 2947 323 3008 foro
340 2950 480 3025 externo,
505 2965 576 3009 oum
597 2950 666 3009 tota
686 2949 865 3007 contractus
886 2946 999 3004 natura
1020 2944 1060 3005 sit

123 3045 155 3103 in
170 3041 353 3103 concentione
368 3043 497 3103 externa
512 3041 684 3103 deliberate
699 3040 739 3101 ab
754 3038 859 3099 animo
871 3037 996 3098 emissa.

166 3138 215 3199 Ad
237 3142 332 3216 caput
352 3154 427 3202 xxv1
448 3137 589 3215 allatum,
613 3135 807 3216 respondent
829 3134 873 3195 ibi
896 3152 955 3196 nec
977 3137 1061 3197 exte·

122 3236 243 3296 riorem
257 3252 445 3296 consensum
460 3234 607 3296 adfuisse.
713 3244 716 3249 '

165 3336 198 3394 3ο
214 3334 395 3413 Requiritur
415 3336 450 3395 ut
463 3336 573 3395 mutuo
587 3334 729 3413 prolatus
744 3332 784 3393 sit
801 3331 861 3393 iste
876 3344 1060 3406 consensus,

122 3428 272 3491 videlicet
287 3430 372 3510 quod
386 3429 500 3491 debeat
513 3430 738 3510 uterquedare
752 3447 845 3490 suum
859 3445 1058 3501 consensum,

123 3529 157 3585 et
172 3524 300 3586 alterius
315 3542 503 3586 consensum
515 3522 677 3603 recipere3
692 3522 725 3583 in
736 3540 773 3585 eo
784 3522 868 3585 enim
882 3523 1062 3583 contractus

912 3613 958 3668 12*
