2442 4125
340 296 379 341 na
399 295 529 342 caunum
549 296 633 343 surus
655 272 812 345 claumos.
985 289 1041 349 15⁵

102 459 244 517 servare,
262 442 316 520 qui
328 439 536 501 essentialiter
548 439 592 499 illi
610 442 684 500 sunl
702 440 861 502 constituti
881 458 919 501 ex
933 442 1043 504 condi-

98 540 191 600 tione
219 536 314 616 hujus
340 535 477 598 hominis
503 536 537 595 in
562 536 710 597 concreto
737 536 1042 613 spectauimus}

100 636 202 695 finem
211 630 388 693 communis
396 630 554 692 felicitatis
562 630 721 693 conducit.
735 630 767 693 Si
783 630 835 693 laic
849 631 944 694 homo
955 651 1042 694 merc

102 728 259 792 naturalis
272 728 323 803 sit,
338 730 414 789 tune
429 726 523 787 debet
536 727 674 805 incipere
689 725 846 805 imperare
861 728 916 789 ubi
929 727 1043 791 desinit

101 828 239 897 nature3
261 824 289 883 ci
306 823 365 883 hos
382 822 497 885 limites
516 822 622 897 violet,
635 820 689 902 jus
703 822 847 884 naturale
861 821 991 886 invadit.
1009 825 1043 887 Si

100 920 158 981 hic
172 919 267 979 homo
280 934 378 995 supra
390 921 537 976 naturam
553 916 694 977 elevatus
713 920 771 991 est,
786 920 862 978 tunc
881 916 977 979 debet
994 918 1043 977 in·

101 1014 212 1091 cipere
227 1012 280 1073 ubi
296 1011 410 1073 desinit
423 1011 573 1089 Ecclesia,
586 1029 626 1072 ne
637 1010 783 1073 ultimum
798 1010 933 1072 hominis
946 1012 1042 1073 finem

102 1111 215 1186 violet,
231 1114 262 1172 et
283 1127 354 1171 oum
376 1128 413 1171 eo
433 1111 536 1189 ipsam
555 1110 691 1171 hominis
709 1114 865 1185 naturam,
880 1110 932 1190 jus
954 1114 1043 1173 nutu-

102 1208 185 1278 ralc,
201 1224 271 1285 quae
286 1205 384 1267 semel
397 1204 439 1265 ad
457 1204 602 1265 ordinem
619 1204 891 1284 supernaturalem
906 1205 1040 1283 clevata,

101 1303 194 1365 velut
206 1306 354 1382 separata
366 1302 494 1364 realiter
507 1318 571 1363 non
585 1304 718 1379 possunt
731 1300 935 1364 considerari.

316 1466 349 1512 De
358 1467 462 1511 ἱίωίτίὸιω
473 1467 586 1522 utriusque
592 1467 710 1525 potestatis
721 1468 744 1511 in
755 1468 832 1525 specie.

146 1597 196 1656 lta
208 1593 384 1656 constitutis
398 1591 429 1652 in
441 1609 557 1672 genere
571 1591 722 1653 limitibus
736 1589 931 1653 auctoritatis
945 1590 1042 1651 eecle-

103 1691 241 1753 siasticae
256 1692 288 1751 ct
304 1688 415 1764 civilis,
429 1688 464 1748 in
477 1674 689 1748 matrimoniis
699 1684 955 1759 christianorum,
971 1684 1043 1746 des-

104 1787 245 1851 cendere
260 1789 383 1864 oportet
396 1783 436 1845 ad
451 1782 665 1861 particularia.

148 1880 230 1953 Quid
243 1880 277 1939 in
290 1878 395 1957 specie
410 1881 513 1955 potest
526 1875 692 1936 llcclesie?

149 1975 231 2048 Quid
244 1976 277 2036 in
290 1974 395 2052 specie
409 1976 512 2053 potest
526 1969 697 2051 princeps?

148 2074 229 2134 Xlll.
247 2070 327 2142 Quid
342 2070 374 2130 in
387 2070 494 2150 specie
508 2072 612 2147 potest
621 2065 772 2128 Ecclesia.
786 2069 817 2128 l⁰
828 2065 935 2128 Omnis
949 2067 1044 2148 legis-

103 2169 183 2231 latio
203 2165 384 2248 dogmatica
402 2167 442 2226 dc
460 2162 661 2227 matrimonio
681 2162 747 2224 sive
769 2180 832 2242 qua
850 2166 1041 2239 contractus,

104 2267 174 2327 sive
189 2284 254 2345 qua
266 2267 498 2326 sacramentnm
509 2265 567 2338 est,
580 2261 621 2321 ab
634 2259 774 2321 Ecclesia
788 2260 922 2340 proponi
936 2259 1042 2337 debet,

106 2357 276 2433 declarari,
288 2360 320 2417 et
333 2374 405 2417 cum
416 2355 496 2436 juris
510 2353 607 2415 divini
622 2353 673 2428 sit,
685 2370 747 2414 non
758 2357 861 2433 potest
870 2351 1041 2431 immutari,

105 2455 153 2518 ita
166 2457 202 2515 ut
216 2453 265 2514 vel
278 2455 459 2514 contractus
477 2449 629 2512 naturalis
648 2467 710 2512 non
729 2451 769 2512 sit
786 2449 838 2511 ille
858 2450 911 2531 qui
931 2456 1046 2512 natura

107 2555 158 2612 est
180 2551 386 2625 constitutus,
413 2547 463 2609 vel
484 2546 673 2610 sacramenti
700 2547 852 2624 materia,
881 2548 1041 2622 minister,

108 2648 223 2723 torma,
234 2647 297 2708 alie
310 2646 351 2708 sit
360 2646 400 2706 ab
415 2663 453 2706 ea
466 2663 537 2725 quae
549 2643 622 2724 jure
636 2643 742 2706 divino
758 2642 968 2706 determinata
982 2645 1041 2704 est.

108 2855 184 2898 cum
207 2835 386 2897 christianin
408 2835 579 2914 applicare,
604 2836 640 2895 ut
660 2832 849 2894 contrahant
868 2829 972 2909 prouti
991 2827 1044 2908 jus

110 2931 254 2994 divinum
268 2931 374 3011 exigit,
387 2931 437 2992 vel
450 2931 482 2992 in
497 2929 607 2992 ordine
618 2927 659 2990 ad
674 2928 880 3001 contractum,
891 2923 943 2985 vel
952 2923 985 2983 in
995 2939 1044 2983 or·
1121 3001 1129 3018 ·

107 3028 183 3089 dine
198 3028 243 3089 ad
260 3031 503 3090 sacramentum.
520 3025 721 3089 conditiones
739 3023 836 3104 igilur
855 3019 1044 3082 determine-

107 3125 156 3188 bit
183 3125 297 3204 quibus
319 3124 371 3185 hie
398 3125 577 3187 contractus
603 3121 688 3197 iniri,
714 3123 745 3182 et
768 3136 841 3180 cum
864 3135 901 3180 co
925 3116 1044 3197 suscipi

110 3222 227 3283 debeat
248 3223 492 3296 sacramentum,
520 3218 634 3298 quihus
661 3234 725 3277 non
752 3215 896 3293 servatis,
925 3214 1043 3288 illicite,

109 3318 282 3398 aliquando
298 3316 436 3378 invalide
452 3317 508 3377 flat
525 3315 595 3393 ipsa
613 3314 802 3375 sacramenti
819 3311 976 3392 susceptio
996 3308 1047 3372 vel

110 3415 304 3474 contractus.

150 3510 270 3570 Praeter
283 3507 479 3570 conditiones
490 3505 562 3585 jure
572 3501 707 3564 naturali
718 3507 749 3564 et
763 3503 868 3566 divino
882 3495 1049 3579 requisites
