2442 4125
368 315 407 379 nis
428 334 557 380 omauro
577 334 661 380 rurus
683 335 839 380 canonici.
957 404 961 416 .
1013 327 1066 385 tut

135 477 318 541 renuntiare
333 477 385 538 vel
399 478 556 538 omuibus.
572 478 732 538 Habemus
747 479 926 558 exemplum
940 481 973 542 in
988 483 1071 562 epis-

136 575 225 653 copis
247 573 300 652 qui
321 572 497 634 humilitate
519 573 671 652 compulsi
691 573 860 653 aliquando
884 576 1070 656 dignitatem

135 669 349 750 episcopalem
381 669 588 746 abdicarunt,
615 673 646 731 et
679 671 859 750 regularem
891 672 1070 736 institutum

135 765 274 845 amplexi
298 768 381 826 sunt.
413 764 600 844 Hujusmodi
624 765 780 844 episcopi,
811 767 906 827 etiam
934 769 1070 834 obtentis

136 861 322 933 dimissoriis
331 879 351 920 a
362 861 489 940 proprio
504 862 662 941 episcopa,
674 861 700 922 si
715 861 963 926 renuntiaverint
977 865 1071 925 simul

137 961 170 1016 et
191 955 260 1015 loco
284 956 316 1015 ot
340 953 500 1033 dignitati,
518 973 587 1024 ¹non
617 954 826 1016 admittuntur
849 956 889 1016 ad
913 957 1070 1036 majorum

137 1049 285 1111 ordinum
306 1049 516 1112 collationem.
534 1049 580 1130 (G.
602 1051 616 1111 l
638 1050 677 1111 ds
699 1051 851 1112 ordinatis
872 1052 912 1113 ab
934 1071 998 1132 ep,
1016 1054 1069 1134 qui

136 1143 383 1223 renuntiarent.)
733 1155 738 1164 ·

178 1243 214 1302 ln
235 1240 332 1320 primo
356 1258 447 1315 casu,
473 1239 592 1301 scilicet
615 1240 640 1301 si
664 1257 767 1301 sermo
788 1241 838 1301 vel
861 1242 900 1303 do
918 1242 1070 1305 ordinibus

136 1333 310 1411 minoribus,
324 1340 401 1395 tunc
421 1334 524 1412 potuit
544 1333 715 1413 aliquando
738 1334 820 1396 facto
842 1337 909 1415 ipso
931 1339 997 1400 tolli
1020 1341 1070 1400 vel

136 1429 289 1509 suspendi
310 1432 409 1491 status
431 1429 592 1492 clericalis.
611 1431 677 1491 lloc
699 1431 851 1511 contingit
865 1436 897 1493 1⁰
910 1435 1070 1496 matrimo-

137 1526 203 1602 nio,
220 1529 251 1586 2⁰
268 1525 448 1586 dimissione
468 1530 606 1587 tonsurae
630 1529 661 1588 et
679 1526 805 1588 habitus
827 1528 988 1589 clericalis.
1008 1530 1070 1590 Sed

136 1623 170 1682 in
185 1624 218 1682 3⁰
232 1639 308 1682 casu
329 1624 453 1700 oportet
474 1622 666 1702 distinguere
680 1640 721 1682 an
736 1621 869 1683 clericus
882 1623 923 1686 sit
936 1623 1071 1704 bigamis

138 1735 199 1778 nec
214 1733 264 1777 ne.
282 1715 315 1778 Si
330 1720 365 1778 ut
377 1716 538 1796 bigamus,
555 1717 756 1795 amplectitur
775 1722 890 1780 statum
908 1721 1071 1798 incompa-

135 1814 259 1877 tibilem
274 1830 346 1873 cum
360 1816 444 1874 statu
463 1812 610 1874 clericali.
628 1814 663 1874 ln
679 1815 810 1876 concilio
825 1814 1028 1896 Lugdunensi
1042 1818 1070 1878 ll

136 1907 290 1970 declarati
303 1910 378 1969 sunt
391 1907 504 1986 privati
519 1909 606 1968 omni
620 1908 783 1988 privilegio
799 1911 946 1987 clericali,
959 1916 990 1973 et
1000 1925 1070 1990 pro·

136 2004 273 2067 hibitum
297 2006 345 2066 est
366 2003 405 2064 iis
428 2003 551 2065 deferre
574 2005 737 2065 tonsuram
761 2007 792 2067 et
815 2005 958 2068 habitum
979 2005 1071 2067 cleri-

137 2102 240 2162 calem
255 2101 313 2162 sub
328 2102 540 2163 anathemate.
558 2101 593 2160 ln
612 2101 751 2161 secundo
774 2119 848 2162 casu
864 2100 995 2163 clericus
1010 2105 1072 2161 sta·

135 2202 206 2257 tum
220 2214 283 2257 non
293 2194 418 2269 amittit,
430 2194 504 2256 licet
515 2191 672 2255 nonnullis
683 2193 818 2273 juribus,
830 2196 1071 2254 manentostatu

136 2288 341 2364 matrimonii,
355 2287 515 2367 privetur:
532 2305 581 2348 ex.
598 2306 647 2367 gr.
664 2288 749 2366 quod
763 2306 827 2348 non
841 2288 941 2365 possit
953 2287 1070 2349 hahere

135 2384 339 2461 heneficium,
356 2402 413 2446 nec
429 2384 469 2444 ad
484 2401 590 2446 sacros
604 2383 731 2446 ordines
745 2384 928 2446 ascendere.

177 2486 211 2543 2⁰
234 2480 323 2553 Quod
346 2499 421 2542 vero
444 2483 567 2559 spectat
589 2481 630 2541 ad
654 2481 867 2543 dimissionem
890 2481 1015 2543 habitus
1040 2484 1071 2541 et

135 2584 276 2639 tonsurae
287 2575 471 2657 (dummodo
482 2594 539 2655 per
549 2574 795 2639 declarationem
809 2578 925 2640 factam
939 2576 1070 2639 servatis

136 2672 318 2749 servandis,
344 2672 516 2752 privilegiis
544 2673 740 2735 clericalibus
763 2692 826 2735 non
854 2674 917 2733 sint
943 2672 1069 2752 privati)
1139 2665 1147 2681 '

137 2786 203 2831 non
216 2769 289 2830 ideo
310 2774 479 2829 censentur
499 2772 617 2830 statum
639 2769 815 2830 clericalem
834 2768 996 2843 amittere,
1014 2768 1070 2827 ssd

136 2866 241 2927 solum
251 2864 525 2945 suspendereejus
541 2865 734 2926 exercitium.
751 2863 819 2925 Dixi
835 2880 898 2923 non
913 2860 1068 2936 amittere,

137 2960 214 3041 quia
228 2963 358 3037 excepto
373 2959 536 3039 privilegio
551 2960 612 3021 fori
623 2960 719 3041 (quod
731 2978 769 3020 ex
783 2960 872 3036 parte
884 2956 936 3036 jus
951 2955 1068 3033 clerici,

137 3070 203 3113 non
218 3050 556 3132 officiumest)caeteris
570 3054 712 3132 gaudent
722 3051 846 3133 juribus
861 3048 1068 3125 clericalibus,

137 3148 171 3208 et
185 3146 291 3206 adhuc
311 3147 418 3208 clerici
439 3151 618 3226 censentur,
634 3148 708 3210 licet
726 3146 935 3227 quorumdam
950 3145 1070 3227 jurium

124 3230 320 3303 'dimissione
342 3246 508 3320 monente,
535 3262 598 3305 non
622 3244 739 3327 halroat
761 3244 954 3306 exercitium.
980 3242 1070 3323 (Vide

136 3337 257 3401 Bened.
276 3339 356 3401 xlv.
374 3338 604 3418 despui-12,
622 3358 650 3401 c.
667 3338 712 3418 2.)
