2442 4125
358 321 398 366 ns
418 319 548 367 omscro
568 319 651 364 soors
673 319 829 366 canumet.
1001 309 1059 368 335

438 479 605 524 nnrlcunus
627 479 748 526 antuus.
783 485 787 492 '

474 595 516 657 De
528 595 711 659 alienatione.

165 766 204 826 ΙΙ.
222 761 314 824 initio
329 759 476 822 Ecclesia
495 759 643 822 alienatio
656 761 814 822 bonorum
834 762 1060 827 eeclesiastico-

124 874 198 919 rum
211 858 280 918 erat
293 872 367 934 pars
380 851 549 914 ordinariae
564 854 846 917 administrationis
861 857 1058 936 eorumdem,

124 950 283 1031 siquidem
295 966 359 1010 non
380 948 569 1027 expediebat
590 950 738 1012 Ecclesiae
754 951 812 1011 sub
826 950 932 1031 gladio
952 971 1060 1031 perse·

124 1047 314 1128 quntionum
327 1045 411 1106 bona
423 1045 599 1106 immobilia
612 1046 785 1125 possidere.
802 1048 886 1127 Ergo
910 1050 1060 1128 quemad·

124 1142 257 1204 modum
283 1142 450 1220 episcopus
480 1144 549 1203 erat
580 1140 818 1204 administrator
844 1148 937 1204 natus
965 1143 1059 1224 hujus

124 1238 253 1318 peculii,
269 1241 300 1299 et
310 1237 411 1318 J'udex
433 1236 593 1316 legitimus
607 1237 661 1315 qui
679 1236 834 1300 indicaret
853 1238 893 1299 de
915 1257 952 1301 eo
974 1241 1060 1322 quod

124 1335 273 1397 Ecclesia
287 1334 388 1412 magis
402 1331 563 1394 videretur
576 1331 736 1411 expedire,
752 1334 798 1396 ita
814 1334 897 1396 iliius
918 1335 1057 1409 decreto,

124 1428 299 1490 ministerio
327 1428 532 1489 diaconorum
554 1428 640 1489 bona
661 1429 808 1490 Ecclesiae
828 1431 1056 1493 alienabantur.

125 1526 261 1590 Cessatis
281 1525 562 1604 persecutionibus,
584 1527 777 1590 contrarium
790 1529 980 1608 principium
1003 1529 1060 1589 ad·
1175 1567 1179 1574 ·

125 1621 362 1684 ministrationis
377 1621 522 1698 obtinuit,
542 1621 689 1684 videlicet
710 1621 796 1701 quod
813 1622 960 1685 Ecclesiae
976 1623 1060 1686 bona

124 1719 209 1778 tecta
222 1719 369 1795 sertaque
383 1718 595 1792 servarentur,
608 1721 643 1775 ut
657 1715 734 1776 certi
748 1715 890 1778 redditus
911 1715 1058 1796 suppedi-

124 1815 230 1873 tarent
243 1828 314 1890 quoe
329 1811 371 1871 ad
385 1810 567 1872 obeundum
580 1811 723 1874 divinum
736 1812 865 1888 cultum,
877 1811 1058 1874 adolendos

125 1908 273 1971 Ecclesia
282 1907 453 1986 ministros,
465 1907 506 1968 ad
516 1908 668 1970 lovendos
677 1927 833 1988 pauperes
842 1909 1055 1990 requiruntur.

126 2009 200 2067 Haec
214 2004 326 2084 regula
337 2007 405 2067 tum
419 2002 517 2065 sacris
531 2003 716 2082 canonibus,
733 2007 801 2066 tum
816 2004 959 2067 civilibus
979 2003 1058 2084 legi-

124 2100 185 2161 bus
199 2098 384 2160 confirmata
396 2104 454 2159 ost.
527 2139 530 2145 -

166 2195 235 2255 Non
258 2195 364 2256 autem
385 2191 423 2253 iis
440 2191 563 2271 legibus
583 2190 727 2253 absolute
741 2190 900 2270 prohibitu
914 2194 962 2253 est
975 2208 1058 2270 qua-

124 2290 203 2352 libet
224 2289 381 2351 bonorum
406 2287 690 2351 ecclesiasticorum
717 2287 875 2366 alienatio,
905 2287 960 2351 sed
988 2306 1058 2368 quse
1145 2350 1151 2361 ,

124 2385 194 2446 sine
213 2382 305 2463 justia
333 2382 564 2459 consisteret,
589 2399 723 2462 qumque
748 2382 925 2447 inconsulto
957 2382 1058 2445 immi-

126 2476 240 2539 noaret
253 2476 499 2539 ecclesiasticum
513 2477 748 2555 patrimonium.
764 2480 833 2539 Non
852 2478 944 2541 aliter
962 2484 994 2542 et
1007 2497 1060 2540 cu-

122 2574 312 2655 juscumque
331 2573 609 2636 administrationis
628 2574 726 2653 leges,
743 2592 816 2635 oum
830 2593 888 2653 pro
902 2573 1057 2654 principio

126 2672 247 2733 babent
273 2670 360 2749 quod
383 2671 468 2733 bona
495 2670 619 2733 stabilia
646 2673 678 2733 et
699 2669 861 2732 fructifera
882 2672 1059 2748 augeantur

126 2767 271 2848 quidem,
307 2783 371 2828 non
401 2766 644 2840 imminuantur;
679 2766 761 2827 hanc
800 2768 907 2828 tamen
940 2763 1059 2826 habent

126 2863 343 2943 exceptionem
357 2864 443 2943 q'uod
456 2862 603 2924 videlicet
625 2862 819 2925 necessitatis
841 2861 892 2921 vel
915 2859 1058 2922 utilitatis

126 2962 206 3022 ratio
220 2961 346 3022 illorum
360 2959 582 3021 alienationem
596 2976 660 3020 non
675 2959 791 3040 exigat.

166 3059 265 3119 Porro
288 3074 455 3117 causarum
481 3055 629 3134 legitimae
655 3054 853 3118 alienationis
877 3052 976 3135 judex
1000 3052 1060 3113 fnit

127 3151 237 3232 primis
258 3150 453 3229 temporibus
476 3169 558 3211 unus
580 3150 763 3229 Episcopus,
787 3148 877 3231 cujus
894 3150 1059 3227 perspecta

126 3249 196 3310 erat
209 3247 361 3326 probitas,
378 3248 430 3308 cui
442 3246 532 3308 licuit
544 3249 576 3308 et
589 3263 698 3308 servos
712 3244 932 3307 manumittere
943 3246 974 3306 et
983 3260 1059 3305 vasa

124 3360 217 3403 sacra
245 3342 502 3403 redimendorum
528 3342 727 3421 captivorum
748 3344 850 3420 gratia
871 3340 1057 3403 distrahere.

126 3439 201 3497 Hac
222 3456 299 3499 vero
322 3439 549 3518 Episcoporum
569 3440 708 3519 potestas
729 3436 868 3500 cohibita
883 3436 996 3498 deinde
1012 3438 1060 3496 ast

126 3531 248 3593 ratione
263 3533 431 3610 abuanum,
448 3538 479 3596 et
498 3534 702 3598 constitutum
718 3534 765 3594 ast
778 3533 805 3593 si
818 3550 868 3594 res
889 3528 1058 3593 immobilis
