<?xml version="1.0" encoding="UTF-8"?>
<!DOCTYPE html PUBLIC "-//W3C//DTD XHTML 1.0 Transitional//EN"
    "http://www.w3.org/TR/xhtml1/DTD/xhtml1-transitional.dtd">
<html xmlns="http://www.w3.org/1999/xhtml" xml:lang="en" lang="en">
 <head>
  <title>
</title>
<meta http-equiv="Content-Type" content="text/html;charset=utf-8" />
  <meta name='ocr-system' content='tesseract 3.04.00' />
  <meta name='ocr-capabilities' content='ocr_page ocr_carea ocr_par ocr_line ocrx_word'/>
</head>
<body>
  <div class='ocr_page' id='page_1' title='image "./institutionesju04marigoog_0106.png"; bbox 0 0 2442 4125; ppageno 0'>
   <div class='ocr_carea' id='block_1_1' title="bbox 0 26 2 547">
    <p class='ocr_par' dir='ltr' id='par_1_1' title="bbox 0 26 2 547">
     <span class='ocr_line' id='line_1_1' title="bbox 0 26 2 547; baseline 0 0"><span class='ocrx_word' id='word_1_1' title='bbox 0 26 2 547; x_wconf 95' lang='lat' dir='ltr'><strong> </strong></span> 
     </span>
    </p>
   </div>
   <div class='ocr_carea' id='block_1_2' title="bbox 206 364 925 421">
    <p class='ocr_par' dir='ltr' id='par_1_2' title="bbox 206 364 925 421">
     <span class='ocr_line' id='line_1_2' title="bbox 206 364 925 421; baseline -0.007 0"><span class='ocrx_word' id='word_1_2' title='bbox 206 364 246 421; x_wconf 87' lang='grc'><strong>96</strong></span> <span class='ocrx_word' id='word_1_3' title='bbox 416 372 748 420; x_wconf 83' lang='grc'><strong>1111111111111111111</strong></span> <span class='ocrx_word' id='word_1_4' title='bbox 770 371 925 418; x_wconf 85' lang='grc'><strong>11111111.</strong></span> 
     </span>
    </p>
   </div>
   <div class='ocr_carea' id='block_1_3' title="bbox 207 498 1154 3543">
    <p class='ocr_par' dir='ltr' id='par_1_3' title="bbox 207 498 1147 1639">
     <span class='ocr_line' id='line_1_3' title="bbox 207 498 1145 599; baseline -0.009 -20"><span class='ocrx_word' id='word_1_5' title='bbox 207 517 394 599; x_wconf 80' lang='lat' dir='ltr'><strong>gerendum.</strong></span> <span class='ocrx_word' id='word_1_6' title='bbox 420 516 607 597; x_wconf 84' lang='lat' dir='ltr'><strong>Hujnsmodi</strong></span> <span class='ocrx_word' id='word_1_7' title='bbox 634 498 772 578; x_wconf 85' lang='lat' dir='ltr'><strong>officium</strong></span> <span class='ocrx_word' id='word_1_8' title='bbox 793 519 861 577; x_wconf 90' lang='lat' dir='ltr'><strong>erat</strong></span> <span class='ocrx_word' id='word_1_9' title='bbox 887 512 989 575; x_wconf 80' lang='lat' dir='ltr'><strong>titulus</strong></span> <span class='ocrx_word' id='word_1_10' title='bbox 1011 515 1145 591; x_wconf 88' lang='lat' dir='ltr'><strong>propter</strong></span> 
     </span>
     <span class='ocr_line' id='line_1_4' title="bbox 208 609 1145 693; baseline -0.007 -18"><span class='ocrx_word' id='word_1_11' title='bbox 208 633 304 693; x_wconf 91' lang='lat' dir='ltr'><strong>quem</strong></span> <span class='ocrx_word' id='word_1_12' title='bbox 318 614 444 675; x_wconf 82' lang='lat' dir='ltr'>ordines</span> <span class='ocrx_word' id='word_1_13' title='bbox 457 613 710 688; x_wconf 85' lang='lat' dir='ltr'><strong>conferebantur,</strong></span> <span class='ocrx_word' id='word_1_14' title='bbox 727 616 759 673; x_wconf 90' lang='lat' dir='ltr'><strong>et</strong></span> <span class='ocrx_word' id='word_1_15' title='bbox 777 611 843 672; x_wconf 91' lang='lat' dir='ltr'><strong>sine</strong></span> <span class='ocrx_word' id='word_1_16' title='bbox 865 628 927 690; x_wconf 91' lang='lat' dir='ltr'><strong>quo</strong></span> <span class='ocrx_word' id='word_1_17' title='bbox 949 627 1014 669; x_wconf 94' lang='lat' dir='ltr'><strong>non</strong></span> <span class='ocrx_word' id='word_1_18' title='bbox 1036 609 1145 669; x_wconf 87' lang='lat' dir='ltr'><strong>confe-</strong></span> 
     </span>
     <span class='ocr_line' id='line_1_5' title="bbox 208 703 1146 772; baseline -0.009 -1"><span class='ocrx_word' id='word_1_19' title='bbox 208 711 370 772; x_wconf 83' lang='lat' dir='ltr'><strong>rebantur.</strong></span> <span class='ocrx_word' id='word_1_20' title='bbox 387 712 466 770; x_wconf 89' lang='lat' dir='ltr'><strong>Nam</strong></span> <span class='ocrx_word' id='word_1_21' title='bbox 480 709 607 769; x_wconf 80' lang='lat' dir='ltr'>ordines</span> <span class='ocrx_word' id='word_1_22' title='bbox 622 727 684 769; x_wconf 95' lang='lat' dir='ltr'><strong>non</strong></span> <span class='ocrx_word' id='word_1_23' title='bbox 699 707 942 769; x_wconf 86' lang='lat' dir='ltr'><strong>conferebantur</strong></span> <span class='ocrx_word' id='word_1_24' title='bbox 957 703 1020 765; x_wconf 88' lang='lat' dir='ltr'><strong>nisi</strong></span> <span class='ocrx_word' id='word_1_25' title='bbox 1034 708 1072 765; x_wconf 93' lang='lat' dir='ltr'><strong>ut</strong></span> <span class='ocrx_word' id='word_1_26' title='bbox 1093 704 1146 763; x_wconf 88' lang='lat' dir='ltr'><strong>ali-</strong></span> 
     </span>
     <span class='ocr_line' id='line_1_6' title="bbox 209 801 1145 880; baseline -0.009 -11"><span class='ocrx_word' id='word_1_27' title='bbox 209 808 260 868; x_wconf 94' lang='lat' dir='ltr'><strong>cui</strong></span> <span class='ocrx_word' id='word_1_28' title='bbox 274 807 377 869; x_wconf 87' lang='lat' dir='ltr'><strong>officio</strong></span> <span class='ocrx_word' id='word_1_29' title='bbox 392 823 482 868; x_wconf 89' lang='lat' dir='ltr'><strong>sacro</strong></span> <span class='ocrx_word' id='word_1_30' title='bbox 495 805 546 865; x_wconf 84' lang='lat' dir='ltr'><strong>vel</strong></span> <span class='ocrx_word' id='word_1_31' title='bbox 560 805 600 865; x_wconf 87' lang='lat' dir='ltr'><strong>da</strong></span> <span class='ocrx_word' id='word_1_32' title='bbox 616 823 697 867; x_wconf 92' lang='lat' dir='ltr'><strong>novo</strong></span> <span class='ocrx_word' id='word_1_33' title='bbox 710 803 851 866; x_wconf 87' lang='lat' dir='ltr'><strong>instituto</strong></span> <span class='ocrx_word' id='word_1_34' title='bbox 865 804 917 864; x_wconf 89' lang='lat' dir='ltr'><strong>vel</strong></span> <span class='ocrx_word' id='word_1_35' title='bbox 930 801 1060 863; x_wconf 88' lang='lat' dir='ltr'><strong>vacanti</strong></span> <span class='ocrx_word' id='word_1_36' title='bbox 1076 818 1145 880; x_wconf 92' lang='lat' dir='ltr'><strong>pro-</strong></span> 
     </span>
     <span class='ocr_line' id='line_1_7' title="bbox 211 896 1145 980; baseline -0.007 -17"><span class='ocrx_word' id='word_1_37' title='bbox 211 902 390 978; x_wconf 78' lang='lat' dir='ltr'>videretur,</span> <span class='ocrx_word' id='word_1_38' title='bbox 419 920 479 962; x_wconf 87' lang='grc'><strong>111</strong></span> <span class='ocrx_word' id='word_1_39' title='bbox 504 900 731 980; x_wconf 73' lang='lat' dir='ltr'>providebatur</span> <span class='ocrx_word' id='word_1_40' title='bbox 752 900 813 961; x_wconf 91' lang='lat' dir='ltr'><strong>nisi</strong></span> <span class='ocrx_word' id='word_1_41' title='bbox 834 898 1028 961; x_wconf 84' lang='lat' dir='ltr'><strong>conferendo</strong></span> <span class='ocrx_word' id='word_1_42' title='bbox 1052 896 1145 957; x_wconf 92' lang='lat' dir='ltr'><strong>alicui</strong></span> 
     </span>
     <span class='ocr_line' id='line_1_8' title="bbox 212 996 1145 1077; baseline -0.005 -18"><span class='ocrx_word' id='word_1_43' title='bbox 212 999 354 1059; x_wconf 82' lang='lat' dir='ltr'><strong>ordinem</strong></span> <span class='ocrx_word' id='word_1_44' title='bbox 368 1000 409 1059; x_wconf 88' lang='lat' dir='ltr'><strong>ad</strong></span> <span class='ocrx_word' id='word_1_45' title='bbox 429 998 507 1058; x_wconf 91' lang='lat' dir='ltr'><strong>illud</strong></span> <span class='ocrx_word' id='word_1_46' title='bbox 528 1016 643 1058; x_wconf 90' lang='lat' dir='ltr'><strong>munus</strong></span> <span class='ocrx_word' id='word_1_47' title='bbox 661 998 858 1077; x_wconf 92' lang='lat' dir='ltr'><strong>requisitum,</strong></span> <span class='ocrx_word' id='word_1_48' title='bbox 880 1001 915 1058; x_wconf 90' lang='lat' dir='ltr'><strong>ut</strong></span> <span class='ocrx_word' id='word_1_49' title='bbox 931 996 976 1058; x_wconf 88' lang='lat' dir='ltr'><strong>ita</strong></span> <span class='ocrx_word' id='word_1_50' title='bbox 989 1000 1145 1073; x_wconf 91' lang='lat' dir='ltr'><strong>perpetuo</strong></span> 
     </span>
     <span class='ocr_line' id='line_1_9' title="bbox 210 1092 1145 1169; baseline -0.005 -15"><span class='ocrx_word' id='word_1_51' title='bbox 210 1095 292 1155; x_wconf 91' lang='lat' dir='ltr'><strong>illins</strong></span> <span class='ocrx_word' id='word_1_52' title='bbox 312 1094 523 1155; x_wconf 87' lang='lat' dir='ltr'><strong>functionibus</strong></span> <span class='ocrx_word' id='word_1_53' title='bbox 551 1094 767 1155; x_wconf 78' lang='lat' dir='ltr'><strong>determinatis</strong></span> <span class='ocrx_word' id='word_1_54' title='bbox 795 1092 1044 1169; x_wconf 78' lang='lat' dir='ltr'><strong>manciparetur.</strong></span> <span class='ocrx_word' id='word_1_55' title='bbox 1080 1094 1145 1151; x_wconf 89' lang='lat' dir='ltr'><strong>Non</strong></span> 
     </span>
     <span class='ocr_line' id='line_1_10' title="bbox 211 1186 1142 1268; baseline -0.004 -20"><span class='ocrx_word' id='word_1_56' title='bbox 211 1188 417 1250; x_wconf 87' lang='lat' dir='ltr'><strong>ordinabatur</strong></span> <span class='ocrx_word' id='word_1_57' title='bbox 431 1190 501 1268; x_wconf 85' lang='lat' dir='ltr'><strong>quis</strong></span> <span class='ocrx_word' id='word_1_58' title='bbox 518 1187 685 1267; x_wconf 82' lang='lat' dir='ltr'><strong>presbyter</strong></span> <span class='ocrx_word' id='word_1_59' title='bbox 706 1188 756 1249; x_wconf 87' lang='lat' dir='ltr'><strong>vel</strong></span> <span class='ocrx_word' id='word_1_60' title='bbox 775 1186 991 1267; x_wconf 88' lang='lat' dir='ltr'><strong>episcopusin</strong></span> <span class='ocrx_word' id='word_1_61' title='bbox 1014 1203 1142 1264; x_wconf 86' lang='lat' dir='ltr'><strong>genere,</strong></span> 
     </span>
     <span class='ocr_line' id='line_1_11' title="bbox 213 1280 1147 1363; baseline -0.004 -19"><span class='ocrx_word' id='word_1_62' title='bbox 213 1284 269 1344; x_wconf 89' lang='lat' dir='ltr'><strong>sed</strong></span> <span class='ocrx_word' id='word_1_63' title='bbox 282 1283 365 1343; x_wconf 89' lang='lat' dir='ltr'><strong>illius</strong></span> <span class='ocrx_word' id='word_1_64' title='bbox 379 1284 594 1347; x_wconf 84' lang='lat' dir='ltr'><strong>determinatae</strong></span> <span class='ocrx_word' id='word_1_65' title='bbox 613 1284 760 1346; x_wconf 78' lang='lat' dir='ltr'><strong>Ecclesiae</strong></span> <span class='ocrx_word' id='word_1_66' title='bbox 778 1282 829 1345; x_wconf 83' lang='lat' dir='ltr'><strong>vel</strong></span> <span class='ocrx_word' id='word_1_67' title='bbox 846 1299 904 1363; x_wconf 92' lang='lat' dir='ltr'><strong>pro</strong></span> <span class='ocrx_word' id='word_1_68' title='bbox 922 1281 976 1341; x_wconf 91' lang='lat' dir='ltr'><strong>illo</strong></span> <span class='ocrx_word' id='word_1_69' title='bbox 995 1280 1147 1341; x_wconf 88' lang='lat' dir='ltr'><strong>determi-</strong></span> 
     </span>
     <span class='ocr_line' id='line_1_12' title="bbox 212 1376 1146 1443; baseline -0.005 -3"><span class='ocrx_word' id='word_1_70' title='bbox 212 1385 285 1443; x_wconf 92' lang='lat' dir='ltr'><strong>nato</strong></span> <span class='ocrx_word' id='word_1_71' title='bbox 301 1380 403 1442; x_wconf 86' lang='lat' dir='ltr'><strong>officio</strong></span> <span class='ocrx_word' id='word_1_72' title='bbox 420 1399 427 1439; x_wconf 90' lang='lat'>:</span> <span class='ocrx_word' id='word_1_73' title='bbox 445 1379 528 1439; x_wconf 90' lang='lat' dir='ltr'><strong>unde</strong></span> <span class='ocrx_word' id='word_1_74' title='bbox 542 1380 747 1443; x_wconf 86' lang='lat' dir='ltr'><strong>ordinationis</strong></span> <span class='ocrx_word' id='word_1_75' title='bbox 761 1380 887 1439; x_wconf 90' lang='lat' dir='ltr'><strong>nomine</strong></span> <span class='ocrx_word' id='word_1_76' title='bbox 901 1376 1082 1437; x_wconf 90' lang='lat' dir='ltr'><strong>secundum</strong></span> <span class='ocrx_word' id='word_1_77' title='bbox 1097 1394 1146 1437; x_wconf 82' lang='lat' dir='ltr'><strong>ve</strong></span> 
     </span>
     <span class='ocr_line' id='line_1_13' title="bbox 212 1472 1147 1555; baseline -0.006 -17"><span class='ocrx_word' id='word_1_78' title='bbox 212 1481 315 1539; x_wconf 92' lang='lat' dir='ltr'><strong>terum</strong></span> <span class='ocrx_word' id='word_1_79' title='bbox 335 1493 492 1537; x_wconf 90' lang='lat' dir='ltr'><strong>canonum</strong></span> <span class='ocrx_word' id='word_1_80' title='bbox 512 1478 635 1555; x_wconf 83' lang='lat' dir='ltr'><strong>praxim</strong></span> <span class='ocrx_word' id='word_1_81' title='bbox 656 1476 836 1539; x_wconf 84' lang='lat' dir='ltr'><strong>collationes</strong></span> <span class='ocrx_word' id='word_1_82' title='bbox 858 1474 952 1537; x_wconf 91' lang='lat' dir='ltr'><strong>etiam</strong></span> <span class='ocrx_word' id='word_1_83' title='bbox 974 1472 1147 1533; x_wconf 87' lang='lat' dir='ltr'><strong>beneficio-</strong></span> 
     </span>
     <span class='ocr_line' id='line_1_14' title="bbox 212 1576 475 1639; baseline -0.004 0"><span class='ocrx_word' id='word_1_84' title='bbox 212 1597 283 1639; x_wconf 88' lang='lat' dir='ltr'><strong>rum</strong></span> <span class='ocrx_word' id='word_1_85' title='bbox 297 1576 475 1639; x_wconf 86' lang='lat' dir='ltr'><strong>veniebant.</strong></span> 
     </span>
    </p>

    <p class='ocr_par' dir='ltr' id='par_1_4' title="bbox 211 1664 1151 2602">
     <span class='ocr_line' id='line_1_15' title="bbox 251 1664 1146 1748; baseline -0.004 -20"><span class='ocrx_word' id='word_1_86' title='bbox 251 1672 334 1748; x_wconf 78' lang='lat' dir='ltr'><strong>ilrgo</strong></span> <span class='ocrx_word' id='word_1_87' title='bbox 356 1669 530 1730; x_wconf 87' lang='lat' dir='ltr'><strong>secundum</strong></span> <span class='ocrx_word' id='word_1_88' title='bbox 550 1672 691 1731; x_wconf 89' lang='lat' dir='ltr'><strong>veterem</strong></span> <span class='ocrx_word' id='word_1_89' title='bbox 704 1668 850 1729; x_wconf 76' lang='lat' dir='ltr'><strong>Ecclesia</strong></span> <span class='ocrx_word' id='word_1_90' title='bbox 866 1664 1065 1743; x_wconf 85' lang='lat' dir='ltr'><strong>disciplinam</strong></span> <span class='ocrx_word' id='word_1_91' title='bbox 1081 1666 1146 1725; x_wconf 91' lang='lat' dir='ltr'><strong>sine</strong></span> 
     </span>
     <span class='ocr_line' id='line_1_16' title="bbox 211 1759 1146 1843; baseline -0.006 -18"><span class='ocrx_word' id='word_1_92' title='bbox 211 1764 302 1825; x_wconf 90' lang='lat' dir='ltr'><strong>titulo</strong></span> <span class='ocrx_word' id='word_1_93' title='bbox 322 1781 414 1823; x_wconf 92' lang='lat' dir='ltr'><strong>nemo</strong></span> <span class='ocrx_word' id='word_1_94' title='bbox 436 1764 652 1826; x_wconf 85' lang='lat' dir='ltr'><strong>ordinabatur.</strong></span> <span class='ocrx_word' id='word_1_95' title='bbox 674 1765 794 1827; x_wconf 79' lang='lat' dir='ltr'><strong>Titulus</strong></span> <span class='ocrx_word' id='word_1_96' title='bbox 816 1762 987 1843; x_wconf 83' lang='lat' dir='ltr'><strong>prastabat</strong></span> <span class='ocrx_word' id='word_1_97' title='bbox 1005 1759 1146 1821; x_wconf 82' lang='lat' dir='ltr'><strong>officium</strong></span> 
     </span>
     <span class='ocr_line' id='line_1_17' title="bbox 212 1854 1149 1939; baseline -0.005 -20"><span class='ocrx_word' id='word_1_98' title='bbox 212 1876 337 1919; x_wconf 91' lang='lat' dir='ltr'><strong>sacrum</strong></span> <span class='ocrx_word' id='word_1_99' title='bbox 351 1862 549 1938; x_wconf 90' lang='lat' dir='ltr'><strong>perpetuum,</strong></span> <span class='ocrx_word' id='word_1_100' title='bbox 566 1859 656 1921; x_wconf 89' lang='lat' dir='ltr'><strong>sicuti</strong></span> <span class='ocrx_word' id='word_1_101' title='bbox 671 1865 842 1939; x_wconf 88' lang='lat' dir='ltr'><strong>perpetuus</strong></span> <span class='ocrx_word' id='word_1_102' title='bbox 857 1861 925 1920; x_wconf 96' lang='grc'><strong>1111</strong></span> <span class='ocrx_word' id='word_1_103' title='bbox 939 1856 1018 1918; x_wconf 92' lang='lat' dir='ltr'><strong>ordo</strong></span> <span class='ocrx_word' id='word_1_104' title='bbox 1034 1858 1093 1935; x_wconf 92' lang='lat' dir='ltr'><strong>qui</strong></span> <span class='ocrx_word' id='word_1_105' title='bbox 1105 1854 1149 1914; x_wconf 90' lang='lat' dir='ltr'><strong>illi</strong></span> 
     </span>
     <span class='ocr_line' id='line_1_18' title="bbox 214 1954 1146 2037; baseline -0.005 -21"><span class='ocrx_word' id='word_1_106' title='bbox 214 1954 317 2016; x_wconf 87' lang='lat' dir='ltr'><strong>officio</strong></span> <span class='ocrx_word' id='word_1_107' title='bbox 336 1959 405 2016; x_wconf 89' lang='lat' dir='ltr'><strong>erat</strong></span> <span class='ocrx_word' id='word_1_108' title='bbox 424 1972 577 2033; x_wconf 83' lang='lat' dir='ltr'><strong>annexus,</strong></span> <span class='ocrx_word' id='word_1_109' title='bbox 599 1960 632 2016; x_wconf 84' lang='lat' dir='ltr'><strong>et</strong></span> <span class='ocrx_word' id='word_1_110' title='bbox 652 1961 782 2037; x_wconf 90' lang='lat' dir='ltr'><strong>propter</strong></span> <span class='ocrx_word' id='word_1_111' title='bbox 802 1956 977 2034; x_wconf 89' lang='lat' dir='ltr'><strong>quoderat</strong></span> <span class='ocrx_word' id='word_1_112' title='bbox 999 1954 1146 2025; x_wconf 89' lang='lat' dir='ltr'><strong>collatus,</strong></span> 
     </span>
     <span class='ocr_line' id='line_1_19' title="bbox 214 2048 1148 2130; baseline -0.004 -19"><span class='ocrx_word' id='word_1_113' title='bbox 214 2049 307 2111; x_wconf 93' lang='lat' dir='ltr'><strong>simul</strong></span> <span class='ocrx_word' id='word_1_114' title='bbox 322 2053 353 2112; x_wconf 93' lang='lat' dir='ltr'><strong>et</strong></span> <span class='ocrx_word' id='word_1_115' title='bbox 367 2048 420 2130; x_wconf 88' lang='lat' dir='ltr'><strong>jus</strong></span> <span class='ocrx_word' id='word_1_116' title='bbox 443 2049 539 2114; x_wconf 87' lang='lat' dir='ltr'><strong>dabat</strong></span> <span class='ocrx_word' id='word_1_117' title='bbox 561 2050 602 2112; x_wconf 90' lang='lat' dir='ltr'><strong>ad</strong></span> <span class='ocrx_word' id='word_1_118' title='bbox 627 2051 885 2115; x_wconf 86' lang='lat' dir='ltr'><strong>sustentationem</strong></span> <span class='ocrx_word' id='word_1_119' title='bbox 908 2051 1037 2128; x_wconf 91' lang='lat' dir='ltr'><strong>propter</strong></span> <span class='ocrx_word' id='word_1_120' title='bbox 1059 2048 1148 2109; x_wconf 91' lang='lat' dir='ltr'><strong>idem</strong></span> 
     </span>
     <span class='ocr_line' id='line_1_20' title="bbox 213 2142 1150 2224; baseline -0.003 -19"><span class='ocrx_word' id='word_1_121' title='bbox 213 2143 352 2205; x_wconf 89' lang='lat' dir='ltr'><strong>officium</strong></span> <span class='ocrx_word' id='word_1_122' title='bbox 366 2148 398 2205; x_wconf 90' lang='lat' dir='ltr'><strong>et</strong></span> <span class='ocrx_word' id='word_1_123' title='bbox 411 2145 442 2205; x_wconf 89' lang='lat' dir='ltr'><strong>vi</strong></span> <span class='ocrx_word' id='word_1_124' title='bbox 454 2144 552 2224; x_wconf 91' lang='lat' dir='ltr'><strong>ipsius</strong></span> <span class='ocrx_word' id='word_1_125' title='bbox 567 2143 661 2204; x_wconf 90' lang='lat' dir='ltr'><strong>officii</strong></span> <span class='ocrx_word' id='word_1_126' title='bbox 675 2142 865 2205; x_wconf 90' lang='lat' dir='ltr'><strong>habendam.</strong></span> <span class='ocrx_word' id='word_1_127' title='bbox 877 2145 924 2206; x_wconf 88' lang='grc'><strong>111</strong></span> <span class='ocrx_word' id='word_1_128' title='bbox 934 2142 1150 2204; x_wconf 85' lang='lat' dir='ltr'><strong>ecclesiastica</strong></span> 
     </span>
     <span class='ocr_line' id='line_1_21' title="bbox 214 2239 1150 2317; baseline 0.001 -20"><span class='ocrx_word' id='word_1_129' title='bbox 214 2239 378 2317; x_wconf 88' lang='lat' dir='ltr'><strong>disciplina</strong></span> <span class='ocrx_word' id='word_1_130' title='bbox 391 2239 527 2300; x_wconf 85' lang='lat' dir='ltr'><strong>faciebat</strong></span> <span class='ocrx_word' id='word_1_131' title='bbox 546 2243 581 2301; x_wconf 91' lang='lat' dir='ltr'><strong>ut</strong></span> <span class='ocrx_word' id='word_1_132' title='bbox 601 2243 633 2302; x_wconf 90' lang='lat' dir='ltr'><strong>l⁰</strong></span> <span class='ocrx_word' id='word_1_133' title='bbox 655 2240 732 2301; x_wconf 91' lang='lat' dir='ltr'><strong>ordo</strong></span> <span class='ocrx_word' id='word_1_134' title='bbox 754 2258 816 2300; x_wconf 91' lang='lat' dir='ltr'><strong>nou</strong></span> <span class='ocrx_word' id='word_1_135' title='bbox 836 2239 953 2303; x_wconf 87' lang='lat' dir='ltr'><strong>inutilis</strong></span> <span class='ocrx_word' id='word_1_136' title='bbox 975 2242 1006 2300; x_wconf 94' lang='lat' dir='ltr'><strong>et</strong></span> <span class='ocrx_word' id='word_1_137' title='bbox 1027 2239 1150 2300; x_wconf 90' lang='lat' dir='ltr'><strong>otiosus</strong></span> 
     </span>
     <span class='ocr_line' id='line_1_22' title="bbox 214 2334 1151 2408; baseline 0.002 -16"><span class='ocrx_word' id='word_1_138' title='bbox 214 2336 402 2408; x_wconf 89' lang='lat' dir='ltr'><strong>remaneret,</strong></span> <span class='ocrx_word' id='word_1_139' title='bbox 414 2338 446 2393; x_wconf 73' lang='lat'><strong>2⁰</strong></span> <span class='ocrx_word' id='word_1_140' title='bbox 456 2339 491 2396; x_wconf 94' lang='lat' dir='ltr'><strong>ut</strong></span> <span class='ocrx_word' id='word_1_141' title='bbox 500 2336 631 2397; x_wconf 89' lang='lat' dir='ltr'><strong>clericus</strong></span> <span class='ocrx_word' id='word_1_142' title='bbox 640 2335 800 2398; x_wconf 86' lang='lat' dir='ltr'><strong>ordinatus</strong></span> <span class='ocrx_word' id='word_1_143' title='bbox 811 2337 1006 2398; x_wconf 85' lang='lat' dir='ltr'><strong>oohaerenter</strong></span> <span class='ocrx_word' id='word_1_144' title='bbox 1017 2334 1058 2394; x_wconf 90' lang='lat' dir='ltr'><strong>ad</strong></span> <span class='ocrx_word' id='word_1_145' title='bbox 1068 2353 1151 2395; x_wconf 84' lang='lat' dir='ltr'><strong>onus</strong></span> 
     </span>
     <span class='ocr_line' id='line_1_23' title="bbox 215 2429 1151 2516; baseline 0.001 -27"><span class='ocrx_word' id='word_1_146' title='bbox 215 2430 300 2508; x_wconf 89' lang='lat' dir='ltr'><strong>quod</strong></span> <span class='ocrx_word' id='word_1_147' title='bbox 328 2429 468 2516; x_wconf 88' lang='lat' dir='ltr'><strong>subibat,</strong></span> <span class='ocrx_word' id='word_1_148' title='bbox 490 2434 522 2492; x_wconf 92' lang='lat' dir='ltr'><strong>et</strong></span> <span class='ocrx_word' id='word_1_149' title='bbox 540 2434 799 2495; x_wconf 89' lang='lat' dir='ltr'><strong>sustentationem</strong></span> <span class='ocrx_word' id='word_1_150' title='bbox 818 2452 908 2494; x_wconf 91' lang='lat' dir='ltr'><strong>suam</strong></span> <span class='ocrx_word' id='word_1_151' title='bbox 927 2432 1083 2507; x_wconf 89' lang='lat' dir='ltr'><strong>haberet,</strong></span> <span class='ocrx_word' id='word_1_152' title='bbox 1112 2449 1151 2491; x_wconf 93' lang='lat' dir='ltr'><strong>ne</strong></span> 
     </span>
     <span class='ocr_line' id='line_1_24' title="bbox 215 2521 1148 2602; baseline 0 -20"><span class='ocrx_word' id='word_1_153' title='bbox 215 2539 288 2582; x_wconf 93' lang='lat' dir='ltr'><strong>cum</strong></span> <span class='ocrx_word' id='word_1_154' title='bbox 310 2521 465 2583; x_wconf 87' lang='lat' dir='ltr'><strong>dedecora</strong></span> <span class='ocrx_word' id='word_1_155' title='bbox 488 2526 587 2585; x_wconf 90' lang='lat' dir='ltr'><strong>status</strong></span> <span class='ocrx_word' id='word_1_156' title='bbox 602 2525 755 2586; x_wconf 87' lang='lat' dir='ltr'><strong>clericalis</strong></span> <span class='ocrx_word' id='word_1_157' title='bbox 769 2524 948 2586; x_wconf 90' lang='lat' dir='ltr'><strong>mendicare</strong></span> <span class='ocrx_word' id='word_1_158' title='bbox 964 2527 1148 2602; x_wconf 84' lang='lat' dir='ltr'><strong>cogeretur.</strong></span> 
     </span>
    </p>

    <p class='ocr_par' dir='ltr' id='par_1_5' title="bbox 215 2618 1152 2795">
     <span class='ocr_line' id='line_1_25' title="bbox 254 2618 1152 2699; baseline 0.001 -21"><span class='ocrx_word' id='word_1_159' title='bbox 254 2618 366 2679; x_wconf 91' lang='lat' dir='ltr'><strong>Modus</strong></span> <span class='ocrx_word' id='word_1_160' title='bbox 388 2623 493 2681; x_wconf 90' lang='lat' dir='ltr'><strong>autem</strong></span> <span class='ocrx_word' id='word_1_161' title='bbox 510 2621 655 2698; x_wconf 91' lang='lat' dir='ltr'><strong>capiendi</strong></span> <span class='ocrx_word' id='word_1_162' title='bbox 674 2621 792 2682; x_wconf 89' lang='lat' dir='ltr'><strong>fructus</strong></span> <span class='ocrx_word' id='word_1_163' title='bbox 809 2621 1000 2699; x_wconf 87' lang='lat' dir='ltr'><strong>temporales</strong></span> <span class='ocrx_word' id='word_1_164' title='bbox 1019 2619 1061 2679; x_wconf 89' lang='lat' dir='ltr'><strong>ab</strong></span> <span class='ocrx_word' id='word_1_165' title='bbox 1083 2619 1152 2680; x_wconf 91' lang='lat' dir='ltr'><strong>offi-</strong></span> 
     </span>
     <span class='ocr_line' id='line_1_26' title="bbox 215 2714 1087 2795; baseline 0 -19"><span class='ocrx_word' id='word_1_166' title='bbox 215 2715 263 2776; x_wconf 94' lang='lat' dir='ltr'><strong>cio</strong></span> <span class='ocrx_word' id='word_1_167' title='bbox 277 2714 336 2777; x_wconf 84' lang='lat' dir='ltr'><strong>fuit</strong></span> <span class='ocrx_word' id='word_1_168' title='bbox 348 2715 454 2775; x_wconf 85' lang='lat' dir='ltr'><strong>varius</strong></span> <span class='ocrx_word' id='word_1_169' title='bbox 464 2716 556 2795; x_wconf 86' lang='lat' dir='ltr'><strong>juxta</strong></span> <span class='ocrx_word' id='word_1_170' title='bbox 568 2718 690 2778; x_wconf 86' lang='lat' dir='ltr'><strong>variam</strong></span> <span class='ocrx_word' id='word_1_171' title='bbox 703 2717 849 2778; x_wconf 79' lang='lat' dir='ltr'><strong>Ecclesia</strong></span> <span class='ocrx_word' id='word_1_172' title='bbox 865 2715 1062 2794; x_wconf 88' lang='lat' dir='ltr'><strong>disciplinam</strong></span> <span class='ocrx_word' id='word_1_173' title='bbox 1078 2735 1087 2776; x_wconf 94' lang='lat'>:</span> 
     </span>
    </p>

    <p class='ocr_par' dir='ltr' id='par_1_6' title="bbox 214 2812 1154 3276">
     <span class='ocr_line' id='line_1_27' title="bbox 255 2812 1152 2892; baseline 0.001 -21"><span class='ocrx_word' id='word_1_174' title='bbox 255 2813 424 2890; x_wconf 84' lang='lat' dir='ltr'><strong>Quousque</strong></span> <span class='ocrx_word' id='word_1_175' title='bbox 438 2812 538 2890; x_wconf 80' lang='lat' dir='ltr'><strong>viguit</strong></span> <span class='ocrx_word' id='word_1_176' title='bbox 558 2812 723 2892; x_wconf 90' lang='lat' dir='ltr'><strong>disciplina</strong></span> <span class='ocrx_word' id='word_1_177' title='bbox 743 2813 913 2892; x_wconf 90' lang='lat' dir='ltr'><strong>primitiva,</strong></span> <span class='ocrx_word' id='word_1_178' title='bbox 938 2812 1024 2892; x_wconf 91' lang='lat' dir='ltr'><strong>quod</strong></span> <span class='ocrx_word' id='word_1_179' title='bbox 1044 2814 1152 2874; x_wconf 93' lang='lat' dir='ltr'><strong>totum</strong></span> 
     </span>
     <span class='ocr_line' id='line_1_28' title="bbox 214 2908 1153 2990; baseline 0.002 -21"><span class='ocrx_word' id='word_1_180' title='bbox 214 2909 372 2988; x_wconf 87' lang='lat' dir='ltr'><strong>peculium</strong></span> <span class='ocrx_word' id='word_1_181' title='bbox 387 2908 632 2970; x_wconf 89' lang='lat' dir='ltr'><strong>ecclesiasticum</strong></span> <span class='ocrx_word' id='word_1_182' title='bbox 649 2909 682 2969; x_wconf 93' lang='lat' dir='ltr'><strong>in</strong></span> <span class='ocrx_word' id='word_1_183' title='bbox 702 2910 836 2971; x_wconf 90' lang='lat' dir='ltr'><strong>solidum</strong></span> <span class='ocrx_word' id='word_1_184' title='bbox 857 2909 897 2969; x_wconf 91' lang='lat' dir='ltr'><strong>ab</strong></span> <span class='ocrx_word' id='word_1_185' title='bbox 918 2909 1064 2990; x_wconf 90' lang='lat' dir='ltr'><strong>episcopo</strong></span> <span class='ocrx_word' id='word_1_186' title='bbox 1083 2910 1153 2971; x_wconf 89' lang='lat' dir='ltr'><strong>dia-</strong></span> 
     </span>
     <span class='ocr_line' id='line_1_29' title="bbox 215 3004 1154 3085; baseline 0.005 -22"><span class='ocrx_word' id='word_1_187' title='bbox 215 3021 367 3066; x_wconf 90' lang='lat' dir='ltr'><strong>conorum</strong></span> <span class='ocrx_word' id='word_1_188' title='bbox 382 3022 441 3082; x_wconf 90' lang='lat' dir='ltr'><strong>ope</strong></span> <span class='ocrx_word' id='word_1_189' title='bbox 456 3004 739 3083; x_wconf 85' lang='lat' dir='ltr'><strong>administraretur,</strong></span> <span class='ocrx_word' id='word_1_190' title='bbox 757 3006 944 3066; x_wconf 86' lang='lat' dir='ltr'><strong>exercebant</strong></span> <span class='ocrx_word' id='word_1_191' title='bbox 958 3006 1019 3066; x_wconf 92' lang='lat' dir='ltr'><strong>hoc</strong></span> <span class='ocrx_word' id='word_1_192' title='bbox 1029 3005 1086 3085; x_wconf 86' lang='lat' dir='ltr'><strong>jus</strong></span> <span class='ocrx_word' id='word_1_193' title='bbox 1101 3025 1154 3068; x_wconf 90' lang='lat' dir='ltr'><strong>re-</strong></span> 
     </span>
     <span class='ocr_line' id='line_1_30' title="bbox 215 3100 1153 3185; baseline 0.009 -27"><span class='ocrx_word' id='word_1_194' title='bbox 215 3100 359 3176; x_wconf 89' lang='lat' dir='ltr'><strong>cipiendo</strong></span> <span class='ocrx_word' id='word_1_195' title='bbox 374 3100 415 3159; x_wconf 91' lang='lat' dir='ltr'><strong>ab</strong></span> <span class='ocrx_word' id='word_1_196' title='bbox 435 3101 582 3178; x_wconf 90' lang='lat' dir='ltr'><strong>episcopo</strong></span> <span class='ocrx_word' id='word_1_197' title='bbox 604 3118 664 3179; x_wconf 91' lang='lat' dir='ltr'><strong>ope</strong></span> <span class='ocrx_word' id='word_1_198' title='bbox 685 3100 889 3164; x_wconf 89' lang='lat' dir='ltr'><strong>diaconorum</strong></span> <span class='ocrx_word' id='word_1_199' title='bbox 909 3107 1077 3165; x_wconf 87' lang='lat' dir='ltr'><strong>consuetas</strong></span> <span class='ocrx_word' id='word_1_200' title='bbox 1098 3123 1153 3185; x_wconf 91' lang='lat' dir='ltr'><strong>pe-</strong></span> 
     </span>
     <span class='ocr_line' id='line_1_31' title="bbox 215 3189 950 3276; baseline 0.01 -22"><span class='ocrx_word' id='word_1_201' title='bbox 215 3196 314 3257; x_wconf 89' lang='lat' dir='ltr'><strong>cuniae</strong></span> <span class='ocrx_word' id='word_1_202' title='bbox 336 3195 386 3256; x_wconf 90' lang='lat' dir='ltr'><strong>vel</strong></span> <span class='ocrx_word' id='word_1_203' title='bbox 404 3197 585 3258; x_wconf 85' lang='lat' dir='ltr'><strong>victualium</strong></span> <span class='ocrx_word' id='word_1_204' title='bbox 603 3189 838 3276; x_wconf 87' lang='lat' dir='ltr'><strong>pensitationes.</strong></span> <span class='ocrx_word' id='word_1_205' title='bbox 947 3235 950 3240; x_wconf 33' lang='grc' dir='ltr'><strong><em>ι</em></strong></span> 
     </span>
    </p>

    <p class='ocr_par' dir='ltr' id='par_1_7' title="bbox 217 3287 1154 3543">
     <span class='ocr_line' id='line_1_32' title="bbox 256 3287 1154 3376; baseline 0.009 -26"><span class='ocrx_word' id='word_1_206' title='bbox 256 3288 387 3361; x_wconf 82' lang='lat' dir='ltr'><strong>Quando</strong></span> <span class='ocrx_word' id='word_1_207' title='bbox 401 3289 501 3370; x_wconf 86' lang='lat' dir='ltr'><strong>viguit</strong></span> <span class='ocrx_word' id='word_1_208' title='bbox 521 3293 688 3373; x_wconf 90' lang='lat' dir='ltr'><strong>disciplina</strong></span> <span class='ocrx_word' id='word_1_209' title='bbox 708 3295 780 3357; x_wconf 82' lang='lat' dir='ltr'><strong>vita</strong></span> <span class='ocrx_word' id='word_1_210' title='bbox 802 3287 989 3372; x_wconf 87' lang='lat' dir='ltr'><strong>communis,</strong></span> <span class='ocrx_word' id='word_1_211' title='bbox 1011 3296 1154 3376; x_wconf 88' lang='lat' dir='ltr'><strong>recipie-</strong></span> 
     </span>
     <span class='ocr_line' id='line_1_33' title="bbox 217 3385 1154 3470; baseline 0.011 -24"><span class='ocrx_word' id='word_1_212' title='bbox 217 3387 294 3447; x_wconf 90' lang='lat' dir='ltr'><strong>bant</strong></span> <span class='ocrx_word' id='word_1_213' title='bbox 315 3385 483 3465; x_wconf 86' lang='lat' dir='ltr'><strong>alimenta,</strong></span> <span class='ocrx_word' id='word_1_214' title='bbox 509 3389 755 3469; x_wconf 88' lang='lat' dir='ltr'><strong>habitationem,</strong></span> <span class='ocrx_word' id='word_1_215' title='bbox 781 3395 861 3468; x_wconf 83' lang='lat' dir='ltr'><strong>etc,</strong></span> <span class='ocrx_word' id='word_1_216' title='bbox 887 3411 923 3452; x_wconf 87' lang='lat' dir='ltr'><strong>ex</strong></span> <span class='ocrx_word' id='word_1_217' title='bbox 945 3393 1015 3470; x_wconf 88' lang='lat' dir='ltr'><strong>ipsa</strong></span> <span class='ocrx_word' id='word_1_218' title='bbox 1036 3411 1154 3456; x_wconf 86' lang='lat' dir='ltr'><strong>mensa</strong></span> 
     </span>
     <span class='ocr_line' id='line_1_34' title="bbox 217 3498 386 3543; baseline 0.012 -2"><span class='ocrx_word' id='word_1_219' title='bbox 217 3498 386 3543; x_wconf 87' lang='lat' dir='ltr'><strong>commum.</strong></span> 
     </span>
    </p>
   </div>
   <div class='ocr_carea' id='block_1_4' title="bbox 257 3577 1154 3664">
    <p class='ocr_par' dir='ltr' id='par_1_8' title="bbox 257 3577 1154 3664">
     <span class='ocr_line' id='line_1_35' title="bbox 257 3577 1154 3664; baseline 0.016 -28"><span class='ocrx_word' id='word_1_220' title='bbox 257 3578 389 3649; x_wconf 83' lang='lat' dir='ltr'><strong>Quando</strong></span> <span class='ocrx_word' id='word_1_221' title='bbox 404 3577 534 3653; x_wconf 84' lang='lat' dir='ltr'><strong>singulis</strong></span> <span class='ocrx_word' id='word_1_222' title='bbox 549 3595 606 3655; x_wconf 92' lang='lat' dir='ltr'><strong>pro</strong></span> <span class='ocrx_word' id='word_1_223' title='bbox 621 3580 714 3640; x_wconf 85' lang='lat' dir='ltr'><strong>officii</strong></span> <span class='ocrx_word' id='word_1_224' title='bbox 734 3583 883 3660; x_wconf 87' lang='lat' dir='ltr'><strong>qualitate</strong></span> <span class='ocrx_word' id='word_1_225' title='bbox 902 3585 1048 3662; x_wconf 88' lang='lat' dir='ltr'><strong>quaedam</strong></span> <span class='ocrx_word' id='word_1_226' title='bbox 1067 3605 1154 3664; x_wconf 71' lang='grc'><strong>11111-</strong></span> 
     </span>
    </p>
   </div>
   <div class='ocr_carea' id='block_1_5' title="bbox 0 0 1238 4125">
    <p class='ocr_par' dir='ltr' id='par_1_9' title="bbox 0 0 1238 4125">
     <span class='ocr_line' id='line_1_36' title="bbox 0 0 1238 4125; baseline 0 0"><span class='ocrx_word' id='word_1_227' title='bbox 0 0 1238 4125; x_wconf 95' lang='lat' dir='ltr'><strong> </strong></span> 
     </span>
    </p>
   </div>
  </div>
 </body>
</html>
