2442 4125
185 314 242 373 122
392 321 623 369 rnsrrrurrouss
643 321 727 371 roms
749 320 904 369 curamur.

544 492 692 543 curiana.
712 492 756 543 Vl.

400 644 437 682 DE
455 641 670 682 SACRAHNTO
693 638 905 681 usralllouu.

224 759 260 817 ln
281 755 439 835 duplicem
460 758 582 833 partem
605 751 758 817 dividitur
776 754 930 817 tractatus
952 752 995 813 de
1017 752 1144 815 matri-

185 852 290 915 monio
308 868 446 928 :nempe

225 953 256 1010 l⁰
270 950 305 1008 ln
321 944 515 1007 Generaiem.
532 945 563 1007 at
576 946 608 1005 2⁰
624 941 811 1023 specialem.

174 1038 184 1055 ⁶
225 1044 255 1101 l·
269 1041 345 1100 Pars
364 1040 438 1116 aget
456 1037 496 1097 de
514 1033 704 1099 matrimonii
726 1039 849 1109 natura,
867 1038 899 1093 et
911 1032 1138 1119 relationibus

185 1135 251 1196 siva
266 1131 307 1193 ad
322 1132 565 1193 eeclesiasticam
579 1131 645 1191 sive
660 1130 701 1190 ad
716 1128 839 1190 uirilem
853 1128 1058 1193 societatem.

224 1234 255 1291 2·
270 1233 347 1289 Pars
360 1233 434 1309 aget
445 1249 452 1291 :
465 1233 497 1290 l⁰
511 1230 550 1290 de
565 1225 731 1306 disciplina
743 1226 890 1288 anlesiae
905 1228 937 1287 in
953 1227 1077 1291 ordine
1094 1229 1136 1290 ad

184 1325 419 1387 matrimonium
433 1323 705 1397 contrahendum
726 1326 757 1383 2⁰
772 1322 805 1383 in
824 1322 934 1384 ordino
951 1323 994 1384 ad
1016 1326 1136 1389 matri·

184 1420 544 1483 moniumeontraotum.
764 1417 767 1421 ’

394 1585 465 1638 Pars
475 1582 576 1650 prima,
589 1582 649 1635 siva
660 1582 730 1635 Pars
747 1581 897 1648 ponendis.

225 1706 256 1765 1⁰
270 1704 315 1764 De
329 1704 443 1765 natura
456 1700 666 1773 matrimonii;
687 1704 720 1760 2⁰
735 1700 775 1761 da
794 1698 1001 1762 relationibus
1015 1704 1133 1765 matri·

183 1797 281 1859 monii
294 1799 336 1858 ad
350 1796 473 1858 civilem
488 1798 520 1856 et
533 1794 777 1859 ecelesiasticam
791 1795 986 1857 societatem.

475 1935 505 1978 Δ.
518 1946 547 1979 ns
562 1946 658 1980 urruns
673 1946 827 1981 nureruouu.

223 2039 342 2100 Nature
362 2035 553 2100 matrimonii
577 2036 771 2098 considerari
795 2040 897 2117 potast
919 2037 978 2098 suh
1004 2038 1129 2119 triplici

183 2139 312 2214 aspeotu
331 2154 338 2196 :

224 2232 255 2288 10
281 2231 316 2289 ln
335 2229 488 2308 primaevs
507 2246 565 2316 sua
584 2226 799 2306 institutione,
825 2228 948 2308 integra
969 2235 1128 2294 manente

184 2320 319 2382 hominis
334 2328 457 2383 natura.

223 2419 255 2475 2⁰
274 2418 301 2476 A
318 2416 408 2494 lapsu
428 2417 520 2496 primi
539 2417 674 2481 hominis
696 2419 737 2482 ad
756 2419 925 2498 Christum,
943 2419 994 2483 vel
1014 2420 1048 2482 in
1067 2441 1128 2486 sua

185 2510 421 2590 degradatione.
465 2540 467 2543 ·

223 2609 256 2667 30
270 2609 314 2668 Do
329 2607 450 2671 Christo
465 2610 506 2670 ad
521 2627 578 2671 nos
590 2643 631 2655 —
645 2611 700 2672 aut
716 2610 749 2670 in
763 2629 821 2673 sua
835 2610 1082 2676 restauratione.

469 2751 489 2796 Ι.
502 2752 534 2797 lla
543 2753 679 2798 institutione
690 2753 832 2798 matrimonii.

222 2853 246 2911 1.
262 2848 378 2911 Nullibi
391 2846 504 2910 melius
518 2848 756 2928 deprehendere
770 2868 936 2930 possumus
951 2849 1126 2916 iustitutio-

182 2965 255 3008 nem
268 2945 457 3008 matrimonii
472 2962 568 3023 quam
581 2945 615 3004 in
630 2946 753 3023 Genesi,
764 2946 820 3007 uhi
832 2950 962 3024 praestat
975 2945 1122 3011 historiae

76 3102 78 3106 .
181 3045 350 3120 veracitas,
371 3047 403 3106 et
420 3044 500 3106 fides
519 3043 633 3106 divinae
652 3043 850 3124 inspirationi
869 3045 975 3108 dehita
992 3043 1124 3113 inveni-

181 3144 244 3198 tur.

223 3233 312 3308 Gen„
330 3249 365 3309 11,
383 3237 440 3295 18:
456 3233 544 3296 Dixit
557 3235 636 3296 Deus
650 3254 662 3295 .·
677 3235 746 3296 Non
765 3242 808 3298 ese
827 3234 932 3296 bouum
949 3251 1007 3296 esse
1024 3235 1124 3302 horni-

182 3345 246 3386 uem
261 3325 376 3405 solum
397 3328 540 3406 suciamus
553 3316 581 3391 ei
592 3329 774 3410 adjutorium
787 3329 880 3390 simile
898 3330 953 3390 siti
955 3374 1016 3392 .....
1025 3350 1040 3408 ,·
1063 3334 1121 3398 im-

181 3421 261 3481 misit
274 3438 341 3498 erpo
357 3420 433 3482 Deus
446 3440 576 3500 soporem
595 3427 627 3485 in
646 3423 766 3500 Adom;
779 3443 902 3505 cumque
916 3423 1117 3511 obdormisset,

182 3519 251 3579 tulit
273 3535 361 3578 auom
380 3518 416 3579 de
434 3519 516 3579 costis
534 3521 606 3600 ejus,
629 3533 657 3582 et
677 3521 801 3602 replevit
819 3541 935 3584 carnem
951 3541 1005 3602 pro
1027 3543 1075 3601 ea,
1091 3541 1121 3592 et
