2442 4125
338 300 377 347 DE
398 299 527 348 oatncro
547 300 631 349 tonis
652 300 809 349 mortiet.
998 292 1037 351 47

144 451 188 513 Ut
201 444 326 523 videtis,
344 444 445 507 Missae
466 443 654 507 sacrificium
673 444 764 507 robis
777 462 848 508 sese
862 446 990 511 exbibet
1002 454 1039 511 ut

99 546 186 609 actio
218 542 365 622 quaedam
395 541 537 620 publica,
564 542 757 620 communis,
783 543 947 622 solemnis,
973 562 1037 607 non

97 648 228 707 tantum
252 638 428 718 dogmatice
452 638 609 717 loquendo
639 642 796 718 cusanus
812 657 870 717 pro
890 642 1037 703 omnibns

95 736 249 800 fidelibus
260 734 314 814 qui
323 732 364 795 ad
374 750 488 814 corpus
502 733 618 795 Christi
631 735 789 813 pertinent
802 734 1034 815 celebrabatur,

98 833 159 897 sed
176 836 208 893 et
221 831 279 893 sub
293 835 421 909 aspectu
437 832 578 908 externo,
594 830 720 908 visibili,
736 830 940 912 disciplinari,
958 850 1036 915 qua-

96 930 196 989 tenus
211 924 375 984 universus
389 921 524 1001 populus
538 922 737 1001 christianus,
749 927 966 1007 unusquisque
978 943 1036 1006 pro

100 1018 285 1083 conditione
298 1022 332 1077 ct
345 1016 454 1079 ordine
469 1035 537 1094 suo,
554 1019 596 1080 ad
609 1020 693 1083 illius
706 1021 951 1084 celebrationem
963 1039 1037 1102 spe-

100 1113 177 1177 ciali
190 1116 222 1174 et
236 1113 369 1191 positivo
391 1113 485 1175 modo
507 1116 726 1179 concurrebat.
742 1116 990 1181 celebrabantur
1002 1118 1035 1179 in

98 1210 199 1274 Missa
213 1209 344 1272 coucilia
357 1210 452 1273 totius
467 1211 625 1273 societatis
638 1211 827 1274 christianae.

141 1308 187 1367 At
209 1306 425 1386 unusquisque
446 1306 532 1369 videt
555 1307 642 1386 quod
659 1308 693 1369 in
706 1310 794 1370 tanto
814 1310 862 1371 rei
880 1311 1036 1389 apparatu

98 1422 207 1487 pauca
219 1404 397 1466 invenimus
416 1405 594 1467 essentialia
613 1406 654 1469 ad
673 1406 881 1469 sacrificinm:
898 1408 1038 1487 discipli·

98 1502 195 1563 naria
209 1502 333 1562 caetera.
347 1500 436 1562 Unde
444 1499 512 1580 jam
521 1507 589 1562 tum
603 1502 730 1581 vigente
744 1503 844 1565 veteri
858 1502 1034 1581 disciplina,

99 1596 353 1658 extraordinarie
370 1595 485 1657 licebat
505 1596 709 1675 presbyteris,
731 1597 838 1677 dique
856 1596 1036 1677 postulante

98 1692 290 1755 necessitate
306 1692 355 1754 vel
370 1692 460 1772 gravi
474 1692 619 1770 utilitate,
636 1685 732 1754 etiam
745 1692 876 1771 privatis
889 1692 922 1753 in
938 1690 1036 1753 domi·

99 1791 175 1865 bus,
187 1795 220 1850 et
228 1788 397 1868 aliquando
413 1787 507 1850 etiam
521 1790 680 1850 morituris
693 1792 767 1851 ante
779 1789 930 1851 lectulum
943 1806 1036 1849 sunm

100 1902 196 1947 sacra
215 1884 350 1964 operari.
368 1883 458 1945 Unde
478 1882 591 1945 videtis
615 1884 765 1964 distingui
784 1884 848 1946 duo
868 1885 1036 1945 missarum

99 1998 235 2063 genere,
252 1996 334 2062 qne,
350 1979 422 2042 licet
435 1980 467 2041 in
482 1978 700 2040 essentialibus
720 1980 834 2041 ritibus
848 1981 1037 2043 convenient

101 2085 134 2139 et
148 2079 213 2139 sint
234 2076 347 2139 codem
367 2076 461 2139 modo
483 2075 682 2151 sacrificium,
699 2079 806 2136 temen
829 2076 974 2136 nnumin
987 2093 1036 2135 sc·

101 2174 204 2236 lemni
217 2177 248 2234 et
260 2173 386 2251 publico
401 2173 475 2234 cleri
486 2179 518 2232 et
530 2170 640 2252 populi
653 2174 820 2246 conventu,
833 2170 920 2231 aliud
933 2171 1036 2249 priva·

100 2272 161 2334 tim
176 2268 363 2330 celebretur.
400 2341 411 2348 ι

142 2367 186 2426 At
198 2366 232 2425 in
246 2365 346 2425 veteri
366 2363 540 2443 disciplina,
557 2363 643 2425 velut
664 2361 775 2442 regula
788 2365 857 2424 erat
870 2361 965 2423 Missa
978 2381 1038 2441 pu-

100 2464 198 2538 blica,
214 2461 301 2522 velut
315 2459 455 2538 exceptio
475 2460 569 2524 Missa
582 2461 714 2549 privata.
734 2459 797 2521 Sed
815 2461 909 2538 prout
921 2461 954 2520 in
969 2459 1038 2520 aliis

100 2557 199 2618 rebus
215 2553 465 2633 disciplinalibus
480 2551 604 2630 accidit,
622 2553 763 2630 exceptio
783 2552 928 2613 transivit
940 2551 973 2610 in
988 2568 1037 2611 re-

103 2653 224 2732 gulam.
248 2653 327 2712 Nam
351 2653 442 2712 aucto
466 2648 582 2728 populo
612 2649 801 2723 christiano,
824 2645 1038 2725 multiplicatis

104 2748 245 2825 clericis,
275 2747 330 2807 illa
362 2745 527 2825 disciplina
559 2743 851 2825 comprehendendi
877 2745 911 2804 in
940 2759 1038 2801 nnnm

102 2845 210 2907 locum
224 2845 406 2906 universum
426 2842 578 2922 populum
592 2845 624 2903 et
638 2843 769 2916 clerum,
785 2835 856 2919 q'uae
876 2837 1039 2916 aptissima

105 2947 175 3002 arat
196 2938 342 3002 Ecclesia
362 2939 493 3015 infanti,
509 2938 657 3000 Ecclesiae
679 2937 796 2999 adulte
817 2936 885 2998 visa
906 2952 969 2994 non
991 2937 1040 2996 est

105 3034 241 3112 amplius
255 3030 503 3107 accommodata,
520 3033 555 3090 ut
570 3030 711 3091 omnium
727 3027 869 3088 fidelium
884 3026 993 3106 pietati
1006 3031 1040 3088 et

105 3129 268 3192 devotioni
280 3130 487 3190 succurreret.
496 3126 619 3188 ¹Addita
634 3124 729 3206 quod,
741 3125 814 3185 licet
828 3123 931 3186 biissae
946 3123 1040 3185 sacri·

105 3227 213 3288 ficium
227 3243 284 3304 pro
299 3226 446 3286 universa
459 3222 599 3284 Ecclesia
615 3223 776 3298 offeratur,
792 3224 899 3283 tamen
917 3223 1040 3283 certum

107 3313 203 3384 ctiam
217 3323 265 3383 cst
277 3319 367 3382 illum
382 3318 421 3379 dc
435 3319 518 3379 illius
532 3317 636 3377 fructu
655 3315 783 3394 speciali
798 3315 893 3377 modo
913 3313 1041 3395 partici-

108 3435 195 3495 pare,
208 3416 262 3496 qui
277 3414 454 3494 specialiter
464 3412 504 3472 ad
514 3411 597 3471 illius
611 3411 855 3472 celebrationem
869 3409 1039 3482 concurrit,

109 3514 159 3574 vel
168 3529 225 3592 pro
236 3528 299 3592 quo
314 3509 531 3591 applicaturin
542 3507 657 3586 specie.
669 3507 760 3569 Unde
773 3510 941 3586 postquam
950 3504 1041 3581 lapsu
