2442 4125
177 302 236 362 332
386 311 618 359 nisrirnrronas
638 313 721 358 roms
742 311 898 358 canorum.

176 458 279 519 suevit
301 474 321 517 a
340 453 453 516 madia
473 433 575 516 euos
598 453 814 532 scriptoribus.
838 454 915 514 Com
936 454 1026 514 anim
1046 457 1123 516 sive

177 554 314 616 officinm
341 567 478 626 suornm,
507 567 597 610 saoro
625 548 821 628 singolorum
853 549 957 610 ordini
983 568 1123 630 respon-

177 651 265 726 dens,
290 652 479 728 perpetuum
502 650 594 722 esset,
610 645 677 707 sivo
691 645 886 706 ususfructus
901 646 1018 706 borum
1031 664 1124 724 pree·

176 744 300 805 diorum
311 743 412 804 offioio
423 758 565 803 annexus
574 745 607 802 at
616 741 702 802 velut
717 741 792 819 quid
807 757 905 802 unum
919 759 993 801 oum
1009 741 1120 802 officio

175 843 346 916 perpetuus
368 839 460 910 esset,
481 833 567 895 visus
583 836 827 914 estoompsrari
847 847 940 912 posse
961 852 1037 895 oum
1059 853 1120 913 pe-

176 933 266 994 onliis
288 950 343 993 sen
367 949 440 992 oum
463 930 589 1008 praediis
608 930 768 992 fiscalibus
793 948 862 1008 quae
882 931 923 990 ab
941 931 1120 1008 imperato-

175 1025 262 1086 ribus
281 1023 477 1102 duoibnsqne
491 1021 642 1084 militibus
664 1021 783 1084 utenda
801 1023 935 1083 fruenda
958 1024 1119 1084 coneede-

175 1121 268 1189 bator
281 1120 322 1181 sd
335 1119 433 1183 vitam
447 1137 519 1179 onm
534 1136 630 1193 onere
650 1119 767 1180 servitii
787 1119 820 1180 in
835 1123 1000 1197 posterum
1014 1121 1119 1199 gratis

174 1214 355 1295 praestandi.
385 1215 580 1275 Beneficium
601 1213 735 1293 proinde
759 1221 807 1274 est
834 1232 951 1276 nomeu
976 1216 1118 1294 comple

173 1313 281 1374 xivum
291 1310 372 1388 juris
386 1314 417 1372 et
431 1310 537 1385 officii,
549 1312 712 1389 utriusque
729 1310 874 1388 perpetui
882 1314 914 1372 at
924 1310 1118 1372 auctoritato

175 1406 388 1470 aeclesiastica
401 1405 533 1467 instituti
550 1410 582 1468 et
595 1407 759 1487 recogniti.

215 1505 331 1565 Omnes
346 1501 441 1563 otiam
455 1500 633 1563 concedunt
644 1503 729 1581 quod
739 1501 868 1582 onmjns
878 1501 973 1563 detur
982 1505 1118 1580 propter

177 1600 331 1675 offioium‚
349 1597 486 1660 officinm
501 1596 694 1658 considerari
715 1596 810 1659 debet
829 1600 983 1676 tanquam
1001 1597 1117 1676 praeoi-

176 1712 286 1775 pnom‚
305 1694 358 1774 J'os
379 1696 485 1755 autam
501 1696 654 1771 tanquam
670 1691 889 1754 secundarium
904 1696 936 1754 at
949 1710 1044 1754 sacro
1059 1692 1117 1752 mi·

177 1790 306 1853 nisterio
334 1789 502 1850 adnexum.
532 1787 717 1866 Disorepant
744 1792 849 1850 antem
871 1787 904 1849 in
928 1785 1115 1851 definitione

175 1882 341 1947 tradenda.
374 1884 454 1942 Nam
481 1880 690 1943 communitor
716 1880 878 1943 studentes
910 1881 1114 1962 etymologia

177 1979 263 2041 vonis
280 1978 459 2039 definiunt:
480 1973 533 2037 Jus
550 1984 722 2057 perpetuum
739 1976 921 2059 percipiendi
937 1979 1057 2057 fructos
1077 1997 1115 2039 ea

178 2076 260 2143 bonis,
272 2074 413 2138 Ecclesia
427 2074 541 2135 ratione
554 2072 717 2154 spiritualis
731 2073 827 2154 officii
837 2075 1015 2136 auctoritate
1028 2076 1114 2137 reete·

178 2172 294 2232 siostr'ca
309 2170 494 2231 martiatum
508 2188 520 2230 .·
535 2169 610 2230 dum
627 2170 772 2233 amelius
786 2169 985 2231 studentibus
999 2173 1048 2233 rei
1061 2190 1112 2234 ve·

177 2263 264 2324 ritati
278 2263 409 2323 deberet
419 2262 482 2323 diei
494 2279 501 2320 :
513 2259 645 2341 officiam
659 2279 775 2321 socrum
784 2260 973 2323 eeclesiastico
988 2264 1112 2324 auetori-

179 2362 241 2417 tote
253 2355 455 2431 constitutum,
466 2354 516 2414 oui
526 2354 675 2415 adnexam
688 2362 729 2415 est
735 2354 790 2433 jus
802 2354 986 2435 percipiendi
997 2354 1110 2434 fruetus

177 2449 213 2511 de
222 2448 336 2529 peculio
352 2449 501 2511 Ecclesia.
513 2453 587 2511 Haeo
601 2451 781 2529 dogmatica
795 2451 1023 2514 beneficiorum
1038 2454 1108 2515 defi-

178 2546 256 2609 nitio
271 2563 334 2606 non
348 2544 450 2606 solum
465 2563 541 2605 vera
555 2550 648 2623 esset,
661 2547 717 2608 sed
727 2548 785 2608 sub
796 2565 998 2629 quacumque
1012 2551 1103 2611 varie·

177 2646 241 2704 tate
263 2639 541 2702 administrationis
562 2640 677 2720 peoulii
700 2640 900 2704 eoolasiastioi
922 2644 1037 2706 eadem
1055 2643 1108 2704 ds-

177 2738 438 2820 prehenderetur.

218 2836 270 2896 lV.
288 2835 335 2894 lta
355 2832 512 2894 distractis
535 2833 662 2911 proediis
684 2853 705 2895 a
727 2835 886 2896 communi
909 2835 1108 2899 administra·

178 2931 275 3006 tione,
292 2934 324 2991 et
338 2928 494 2990 oonoessis
514 2929 546 2989 in
575 2930 771 3009 singulorum
793 2931 1105 3009 administrationem,

179 3027 367 3085 nontamen
391 3022 561 3085 amiserunt
584 3027 617 3085 at
641 3023 884 3102 dependentium
909 3025 950 3085 ab
973 3028 1107 3106 episcopi

176 3119 405 3200 jurisdictione,
417 3119 471 3197 qui
485 3122 533 3181 est
542 3118 777 3183 administrator
789 3127 879 3184 natus
890 3124 986 3185 totius
998 3124 1107 3202 peculii

180 3214 395 3287 eoolesiastici3
418 3215 474 3275 sed
495 3214 587 3276 sionti
606 3215 639 3275 in
661 3216 853 3295 agnitionem
873 3217 968 3297 hujus
994 3220 1106 3297 depen-

179 3313 293 3373 dentiae
317 3319 349 3373 et
368 3313 401 3372 in
421 3312 588 3393 vestigium
612 3315 786 3375 oommnnis
810 3314 1102 3393 administrationis,

181 3405 369 3484 quibusdam
389 3408 536 3468 oneribus
555 3412 688 3489 gravata
709 3416 783 3470 sunt
805 3428 882 3489 erga
908 3428 1103 3473 communem

180 3497 481 3560 administrationem
496 3502 561 3564 sivo
571 3504 717 3568 vacantia
726 3503 903 3569 forentsivo
913 3506 1018 3584 plena.
1032 3509 1102 3569 Sunt
