2442 4125
203 290 260 348 178
409 299 639 346 rusrrrurrorrs
659 299 742 345 sums
763 299 920 345 aaronica

202 453 406 528 augmentum
428 443 563 505 fovendo
588 443 806 519 matrimonia,
823 449 854 504 et
874 436 971 506 s'imul
994 455 1145 511 avertere

201 543 361 623 publicam
375 541 595 615 calamitatem,
614 557 652 598 ex
662 539 825 600 indefinito
839 542 950 618 populi
965 549 1144 622 augmento

202 638 252 698 cui
274 636 346 698 vitae
370 635 473 697 desint
501 633 686 696 necessaria.
714 637 793 696 Nam
820 636 881 713 ipsi
909 639 1143 702 constituentes

201 733 381 794 felicitatem
404 732 566 792 nationum
588 733 622 791 iu
645 736 816 809 augmento
844 733 1014 794 indefinito
1047 753 1145 814 popu·

201 831 321 906 lorum,
360 830 635 908 proclamaverunt
668 830 830 889 effraenam
863 830 1143 893 matrimoniorum

201 929 388 1001 libertatem,
405 925 595 986 damnarunt
613 925 792 986 caelibatum
810 929 966 1005 tanquam
982 929 1011 988 si
1027 932 1140 990 terram
1218 986 1219 995 ,

202 1022 456 1100 depopularetur.

241 1119 304 1180 Sed
327 1119 475 1179 viderunt
497 1137 535 1178 ex
557 1118 619 1178 alio
643 1117 744 1196 capite
767 1118 910 1178 homines
934 1119 1141 1199 multiplicari

200 1233 291 1294 posse
315 1216 381 1275 sine
404 1214 514 1290 modo,
537 1220 569 1274 et
590 1213 697 1274 media
722 1213 856 1274 moralia
882 1213 958 1274 inda
986 1215 1138 1292 delicere,

201 1311 315 1391 quibus
342 1310 594 1385 continerentur,
620 1312 652 1369 et
681 1308 786 1369 media
813 1308 997 1370 materialia
1028 1313 1139 1390 quibus
1218 1332 1219 1399 ξ

201 1410 460 1470 sustentarentur.
478 1407 561 1483 Ergo
581 1423 620 1464 ex
632 1408 721 1467 tanta
742 1403 899 1481 libertate,
915 1405 969 1464 vel
990 1407 1025 1466 in
1043 1413 1140 1470 extre-
1218 1442 1219 1483 i

199 1522 287 1566 mum
316 1503 469 1582 tyranniis
498 1501 673 1576 devenere,
696 1504 731 1560 ut
753 1499 896 1578 pluribus
933 1501 1139 1564 matrimonio
1218 1504 1219 1535 l

199 1599 320 1661 idoneis
352 1597 505 1658 violenter
538 1591 773 1654 matrimonium
806 1590 1060 1670 interdicerent,
1090 1598 1140 1654 aut

201 1693 296 1753 variis
320 1691 456 1752 consiliis
480 1693 512 1748 et
536 1687 687 1766 oppositis
707 1685 906 1767 opinionibus
919 1685 1084 1765 implicati
1101 1689 1140 1748 nil

201 1783 332 1844 definire
346 1784 526 1860 potuerunt.

242 1878 305 1941 Sed
333 1897 402 1958 qua
431 1876 616 1938 abscondita
649 1880 723 1938 sunt
749 1875 964 1954 sapientibus,
998 1879 1139 1940 revelate
1218 1868 1219 1871 ¹

201 1979 273 2038 sunt
293 1974 442 2054 parvulis
466 1975 570 2034 Pauca
590 1973 703 2036 Christi
725 1973 825 2033 verba
845 1971 965 2032 nodum
990 1974 1137 2036 solvunt:

201 2074 281 2137 Sunt
301 2072 426 2135 eanwlzi
445 2073 499 2153 qui
519 2070 674 2132 demetria
696 2077 777 2130 atero
794 2070 834 2129 sic
847 2070 914 2129 nati
931 2079 1013 2147 suat,
1031 2082 1064 2133 et
1076 2080 1140 2133 suat

201 2164 325 2226 eunachi
337 2166 390 2245 qui
402 2161 614 2225 abdominibus
632 2161 798 2241 foetiscat,
815 2169 843 2222 et
857 2170 925 2222 aaut
942 2166 1077 2226 eunuchi
1091 2164 1141 2246 qui

201 2278 230 2317 se
240 2260 314 2338 ipsos
329 2262 532 2318 castraverunt
544 2262 670 2336 propter
683 2273 806 2333 raparum
820 2255 1038 2337 calorum,'qui
1048 2267 1140 2337 potest

202 2370 322 2431 crepere,
338 2353 453 2429 capiat.

242 2446 394 2509 Videlicet
407 2451 522 2525 praeter
536 2448 712 2509 naturalem
725 2448 944 2526 impotentiam
959 2468 1059 2527 quam
1074 2450 1139 2528 qui-

203 2543 276 2605 dam
290 2542 340 2603 vel
354 2543 526 2620 nativitate,
544 2544 593 2605 vel
608 2544 848 2622 superveniente
870 2543 1054 2607 calamitate
1075 2562 1138 2605 sor·

201 2639 321 2703 tiuntur
335 2657 411 2719 erga
425 2640 670 2715 matrimonium,
686 2639 789 2719 gratia
802 2640 859 2700 Dei
872 2639 1042 2700 hominum
1056 2640 1139 2699 mul-

202 2737 327 2801 titudini
347 2736 444 2798 suasit
463 2740 494 2797 et
508 2736 620 2797 'suadet
640 2735 821 2815 possibilem
839 2753 908 2796 esse
923 2740 955 2797 et
969 2736 1139 2815 perfectio-

201 2853 269 2896 rem
291 2833 489 2896 continentiae
512 2835 639 2907 statum,
656 2834 687 2892 et
708 2832 751 2893 ita
772 2832 904 2911 opponit
925 2850 1024 2893 suave
1038 2838 1137 2893 atvo-

201 2932 373 2993 lanterium
393 2927 590 2990 obstaculum
610 2926 779 3000 tendentiae
802 2930 1034 3009 propagatrici,
1062 2929 1136 3011 quin

202 3028 242 3088 ad
257 3027 368 3107 pejora
380 3016 530 3104 provocet
544 3024 667 3083 delicta.
778 3062 781 3066 -

241 3123 382 3183 Ecclesia
409 3122 492 3181 hunc
519 3122 635 3181 statum
666 3118 867 3197 perfectionis
896 3121 951 3199 qui
977 3119 1137 3182 sanctitati
1218 3147 1219 3204 p

202 3216 424 3292 mysteriorum
443 3216 474 3275 et
493 3211 592 3289 plebis
615 3212 802 3273 institutioni
828 3214 912 3272 esset
938 3216 1135 3292 opportunus
1218 3215 1219 3234 ³

203 3309 322 3371 clericis
344 3308 493 3389 injunxit3
518 3306 579 3368 alii·
593 3309 746 3386 perpetuo
770 3310 939 3377 voverunt;
964 3306 1018 3367 alii
1041 3306 1135 3368 statui
1218 3337 1219 3372 1

203 3404 366 3468 coelibatus
381 3406 496 3465 statum
510 3402 694 3464 voluntaria
709 3402 904 3481 paupertatis
925 3402 1134 3482 adjungentes

201 3504 287 3562 bona
300 3498 394 3577 hujus
407 3498 555 3573 temporis
569 3498 757 3577 conjugibus
776 3498 925 3559 uberiora
938 3499 1134 3578 reliquerunt
1218 3523 1219 3564 l
