2442 4125
324 371 364 416 on
385 372 514 419 omncro
533 374 616 419 sums
638 375 792 422 carorum.
965 367 1019 428 321

80 523 168 580 turae
183 516 347 596 Apnotitioe
360 535 431 597 quae
450 519 681 598 pmtenduntur
698 521 740 584 ad
754 541 863 586 omnes
877 529 1020 606 agnatos,

82 613 225 690 Gentiles,
238 632 309 692 quae
323 613 555 691 protenduntur
568 615 609 677 ad
625 635 734 680 omnes
748 620 891 700 gentiles.
907 623 1023 701 Agnati

82 709 237 770 dicuntur
250 708 477 771 descendentes
491 730 509 770 a
524 711 691 774 fundatore
705 733 763 794 per
772 719 1022 796 consanguineos

81 825 143 868 seu
157 823 310 883 personas
323 823 417 866 sexus
430 807 606 885 masculini,
617 815 649 869 et
658 810 699 871 ad
711 811 1021 894 uuameamdemque

80 901 239 964 familiam
258 900 426 980 pertinent,
441 903 473 961 et
490 900 610 962 habent
624 920 722 963 unum
735 902 885 981 idemque
904 921 1022 983 cogno-

80 1018 171 1062 men.
197 999 334 1060 Gentiles
356 1003 430 1060 suut
452 1017 562 1063 omnes
584 1000 760 1062 fundatoris
783 1003 902 1082 agnati,
925 1004 1021 1064 etiam

82 1094 294 1171 collaterales,
311 1112 367 1155 seu
387 1095 441 1174 qui
459 1095 695 1176 conjunguntur
717 1099 927 1160 mediantibus
949 1117 1023 1178 por·

81 1194 172 1256 sonis
185 1210 278 1254 sexus
292 1191 466 1268 masculini,
482 1191 539 1253 sed
553 1211 592 1252 ex
606 1193 740 1254 diversis
757 1194 849 1256 lineis
864 1195 1020 1276 originem

80 1289 218 1360 habent;
235 1291 403 1366 propterea
415 1287 448 1348 in
463 1288 569 1366 plures
587 1286 722 1349 familias
741 1293 814 1353 sunt
834 1289 936 1369 divisi,
960 1310 1019 1354 nec

81 1385 206 1447 habent
219 1402 317 1445 unum
331 1383 478 1463 idemque
493 1400 682 1463 cognomen.

125 1484 194 1543 XX.
211 1482 367 1542 Gonoessa
389 1479 534 1554 fidelibus
557 1479 702 1542 libertate
723 1481 783 1542 hac
802 1481 834 1542 in
854 1482 963 1543 ordine
978 1483 1019 1544 ad

82 1577 272 1639 electionem
293 1576 474 1654 sepulturae,
498 1593 536 1635 ea
556 1593 614 1654 pro
636 1575 796 1636 voluntate
811 1575 949 1642 defuncti
964 1577 1020 1637 de-

80 1672 283 1735 terminatur.
305 1671 395 1744 Quod
418 1672 444 1732 si
466 1669 637 1732 decesserit
657 1668 724 1730 sine
746 1669 898 1730 electione
917 1669 1018 1748 sepul-

80 1772 176 1844 turae,
199 1784 238 1827 ea
258 1765 486 1828 determinatur
504 1785 543 1826 ex
562 1764 687 1827 theoria
707 1765 833 1840 amoris,
850 1782 914 1826 non
928 1779 1019 1825 secus

80 1881 121 1923 ac
144 1860 300 1921 successio
324 1859 472 1921 intestata
494 1859 599 1939 quoad
623 1859 851 1921 haereditates:
872 1858 1019 1920 videlicet

80 1954 286 2036 praesumitur
305 1954 394 2016 illum
415 1955 551 2016 voluisse
573 1955 769 2033 sepulturam
797 1971 892 2033 quam
916 1953 1018 2034 magis

81 2050 210 2113 amavit.
228 2051 382 2112 Censetur
395 2054 501 2111 autem
522 2049 609 2110 illam
623 2047 838 2129 praedilexisse
854 2066 949 2127 quam
964 2048 1018 2109 ha·

79 2148 137 2209 bet
163 2146 344 2226 propriam,
375 2147 426 2207 vel
455 2146 642 2208 familiarem
670 2145 722 2207 vel
750 2143 939 2224 gentilitiam
975 2145 1016 2206 ob

79 2246 218 2325 speciale
241 2245 357 2307 amoris
380 2244 540 2306 vinculum
564 2261 626 2323 quo
650 2240 856 2323 conjungitur·
880 2259 951 2303 cum
979 2242 1017 2303 iis

80 2342 137 2422 qui
150 2340 195 2401 ibi
207 2340 354 2402 tumulati
368 2339 418 2402 vel
431 2339 608 2401 tumulandi
624 2342 707 2400 sunt.

121 2438 156 2498 Si
179 2435 362 2517 hujusmodi
384 2434 564 2514 sepulcrum
588 2435 680 2512 desit,
704 2434 754 2497 vel
775 2433 849 2497 illuc
871 2453 934 2498 non
949 2435 1015 2498 sine

78 2549 198 2610 magno
226 2530 427 2592 incommodo
455 2528 571 2591 deferri
599 2532 708 2611 possit,
736 2536 882 2593 censetur
901 2533 1017 2609 praedi-

79 2626 193 2687 lesisse
207 2625 389 2703 sepulcrum
402 2626 435 2686 in
454 2626 597 2687 Ecclesia
619 2627 670 2686 cui
690 2626 811 2687 ratione
832 2624 925 2684 officii
948 2644 1016 2685 ma-

76 2722 140 2804 jori
167 2720 294 2783 vinculo
319 2721 480 2784 charitatis
503 2722 563 2784 fuit
589 2722 746 2797 addictus,
776 2719 947 2780 dummodo
972 2719 1016 2781 ibi

77 2816 271 2898 reperiretur
284 2817 447 2895 sepultura
460 2835 517 2896 pro
526 2835 560 2877 se
569 2817 737 2879 destinata.
752 2818 800 2877 lta
810 2817 919 2875 Roma.
933 2816 1015 2875 Pon-

78 2914 179 2975 tifices
194 2910 388 2991 sepeliuntur
400 2914 433 2973 in
447 2914 594 2975 vahcana
606 2911 738 2973 basilica
754 2931 761 2973 :
778 2911 823 2973 ita
837 2909 1013 2970 cardinales

78 3009 110 3069 in
124 3008 247 3071 titulis:
272 3008 417 3087 Episcopi
438 3008 471 3068 in
491 3007 746 3070 cathedralibus:
768 3006 888 3085 praelati
907 3006 940 3064 in
954 3006 1014 3067 Ec-

77 3104 182 3165 clesiis
202 3104 294 3165 suis:
320 3104 463 3165 canonici
483 3103 515 3163 in
536 3103 684 3165 Ecclesiis
706 3101 940 3166 cathedralibus
962 3103 1013 3164 vel

76 3197 275 3284 collegiatis:
302 3200 475 3279 Regulares
502 3199 534 3260 in
562 3198 710 3260 Ecclesiis
732 3199 780 3259 sui
802 3197 1009 3259 monasterii:

76 3292 258 3369 Confratrcs
280 3295 313 3357 in
340 3293 488 3356 Ecclesiis
512 3294 817 3357 confraternitatum.
843 3296 962 3354 Tamen
986 3295 1011 3356 si

74 3403 140 3445 non
160 3385 266 3448 adsint
285 3386 456 3465 sepulturae
479 3385 631 3465 speciales
652 3390 683 3445 et
704 3382 921 3461 privilegiatae,
937 3402 1012 3463 pro-

75 3477 160 3539 cedit
170 3477 224 3558 jus
237 3496 416 3554 commune,
433 3478 517 3557 quod
531 3494 594 3538 non
614 3476 697 3538 adsit
710 3474 852 3536 Ecclesia
874 3475 925 3536 cui
939 3493 1010 3536 cen-

75 3580 186 3636 seatur
197 3575 372 3658 majoribus
385 3572 548 3639 charitatis
561 3572 695 3634 vinculis
713 3571 858 3638 addictus
880 3571 934 3655 qui
957 3569 1010 3632 de-
