2442 4125
322 317 361 362 oa
382 317 513 364 caruero
532 319 616 364 rums
638 319 793 384 cenoman
966 309 1025 370 329

131 463 170 524 ll.
189 463 358 541 Quousque
371 461 405 526 in
425 462 555 542 singulis
576 463 765 527 dioeeesibns
788 483 851 528 una
873 466 1023 546 Ecclesia,

86 577 195 638 eaque
222 559 429 636 cathedralis,
450 560 500 622 cui
524 577 605 621 unus
623 563 855 640 praeiioiebatur
878 564 1024 644 antistes,

86 674 175 716 unus
202 653 261 716 fuit
288 654 443 733 cumulus,
474 675 536 717 una
563 674 668 719 massa
690 660 864 720 communis
885 661 1026 722 omnium

87 753 249 814 bonorum
262 753 485 831 temporalium
499 753 696 834 singularum
710 755 910 830 dioecesium
932 755 985 837 huj
991 775 1026 817 ua

88 847 355 910 administrationi
376 849 608 928 praeticiebatur
626 850 757 913 antistes
773 869 829 912 sen
847 851 1024 932 episcopus,

88 943 159 1024 qui,
171 943 385 1022 apostolorum
400 946 555 1024 exemplo,
566 945 739 1008 ministerio
750 945 956 1010 diaconorum
967 948 1026 1009 hac

88 1041 125 1100 in
153 1057 189 1099 re
212 1038 395 1119 juvabatur,
420 1057 460 1101 ne
488 1060 508 1102 a
534 1040 749 1120 spiritualibus
778 1042 888 1104 officiis
915 1042 1026 1106 distra-

91 1135 234 1197 beretnr.

132 1231 223 1292 Bona
249 1232 356 1293 autem
382 1231 596 1293 ecclesiastica
619 1239 709 1294 erant
732 1233 865 1314 duplicis
888 1233 1024 1316 generis,

92 1322 158 1385 alia
179 1323 320 1400 mobilia,
344 1325 389 1386 uti
410 1325 553 1404 pecunia
576 1343 690 1405 resque
714 1328 883 1408 fungibiles
905 1348 1027 1410 usuque

91 1419 373 1497 consumptibiles,
411 1424 443 1483 et
469 1420 555 1483 bona
581 1421 771 1500 immobilia,
801 1425 867 1486 sive
895 1426 1024 1503 praedia.

90 1512 201 1573 Prima
213 1512 268 1572 illa
278 1513 486 1574 servabantur
492 1514 524 1574 in
534 1515 781 1594 gazophylaciis,
795 1517 934 1592 conchis,
947 1517 1027 1576 arcis

90 1607 146 1668 rel
167 1607 322 1684 corbonis,
348 1613 380 1672 et
403 1610 442 1670 dc
465 1610 615 1672 mandato
638 1610 776 1687 episcopi
800 1629 857 1690 per
878 1610 1028 1672 diaconos

90 1702 324 1766 tribuebantur.
341 1705 454 1766 lstbaeo
467 1723 554 1781 vero,
571 1703 727 1784 siquidem
737 1705 863 1770 illorum
872 1705 1027 1784 possessio

92 1801 180 1864 utilis
193 1803 275 1864 foret
288 1803 447 1880 Ecclesia,
458 1813 554 1881 prout
567 1803 642 1862 olim
652 1801 711 1864 fuit
724 1807 795 1880 post
805 1804 913 1865 datam
923 1802 1029 1864 Eccle-

93 1898 150 1960 siae
176 1916 298 1977 paoem,
328 1898 545 1960 retinebantur
570 1899 631 1959 sub
657 1899 805 1961 Ecclesiae
828 1899 1028 1961 administra-

92 1992 196 2067 tione;
213 2011 303 2054 scens
317 1993 603 2055 venumdabantur.
618 1995 757 2073 Utroque
771 1994 803 2054 in
818 2011 893 2054 casu
904 1992 1026 2056 diaconi

93 2094 219 2169 partem
232 2108 322 2151 suam
341 2089 400 2152 sibi
424 2089 645 2162 vindicabant,
669 2106 725 2149 scu
747 2088 769 2149 ii
790 2093 881 2151 erant
903 2089 957 2168 qui
971 2107 1028 2168 pro

93 2184 245 2246 mandato
260 2184 398 2263 episcopi
413 2203 451 2245 ea
469 2183 652 2246 vendebant
672 2188 703 2246 ct
721 2184 753 2244 in
772 2184 841 2263 pios
864 2202 937 2245 usus
959 2202 1029 2246 ero-

94 2280 225 2359 gabant,
241 2280 291 2341 vel
306 2279 333 2340 si
346 2280 574 2356 retinebantur,
592 2280 716 2341 diaconi
732 2283 822 2345 eraut
837 2279 890 2359 qui
904 2280 1029 2342 illorum

94 2376 216 2437 fructus
231 2379 262 2437 et
275 2375 417 2437 redditus
428 2375 615 2455 exigebant3
633 2376 733 2437 exacti
744 2376 865 2439 fructus
875 2378 1030 2439 cedebant

93 2473 128 2533 in
147 2472 286 2552 episcopi
309 2475 507 2551 potestatem,
533 2472 588 2551 qui
611 2488 801 2549 parmenus
824 2473 1029 2537 diaconorum

92 2564 315 2628 tribuebantur
329 2564 361 2625 in
375 2566 443 2645 pias
463 2583 587 2641 causas,
609 2565 721 2643 quales
742 2570 833 2626 erant
855 2567 1029 2627 erectiones

94 2664 127 2722 et
139 2649 355 2739 reparationes
373 2661 575 2740 templorum,
598 2663 783 2721 ornamenta
802 2676 903 2734 sacra,
927 2657 1029 2718 subsi-

94 2756 183 2817 dium
197 2774 371 2835 pauperum
385 2757 624 2837 peregrinorum
646 2759 677 2817 et
695 2754 903 2833 captivorum,
929 2752 1029 2813 subsi-

94 2854 183 2914 dium
198 2856 229 2915 et
242 2853 426 2916 alimentum
440 2852 668 2914 ministrorum.

134 2948 268 3010 Flebant
286 2949 419 3011 istorum
441 2949 597 3010 bonorum
621 2948 756 3027 quatuor
769 2947 948 3025 portiones:
966 2961 1029 3003 una

94 3044 230 3106 cedebat
242 3044 416 3123 Episcopo;
434 3062 498 3104 una
518 3043 651 3119 clericis,
667 3042 762 3103 tertia
782 3040 909 3101 labrioae
929 3038 1030 3100 eccle-

94 3139 170 3212 siae3
188 3143 302 3219 quarta
314 3141 507 3219 pauperibus
522 3139 665 3219 (Walter,
681 3138 699 3215 ᾗ
713 3136 795 3215 245).
808 3135 867 3198 Ubi
882 3138 946 3199 tres
960 3138 1030 3197 tan-

95 3240 165 3299 tum
184 3236 305 3299 fiebant
323 3238 494 3315 portiones,
516 3236 665 3295 manebat
683 3232 805 3293 clericis
825 3237 856 3291 et
875 3230 1030 3310 episcopis

95 3330 236 3393 officium
256 3332 443 3411 providendi
471 3348 528 3409 pro
551 3328 633 3390 virili
649 3324 888 3389 necessitatibus
911 3346 1031 3407 paupe-

95 3443 178 3485 rum.
209 3423 268 3485 Ubi
298 3423 425 3503 gravior
452 3428 535 3483 esset
559 3417 800 3494 administratio,
828 3416 878 3478 vel
902 3434 979 3478 cora
1000 3420 1031 3477 et

95 3518 241 3583 custodia
267 3519 416 3581 habenda
442 3522 525 3580 esset
553 3516 733 3577 dissilorum
761 3515 962 3594 praediorum,
998 3512 1029 3572 in
