2442 4125
306 356 344 399 na
366 356 496 403 omecro
516 360 598 407 runis
620 362 776 409 csaonrcr.
971 354 1022 413 l'l·

72 499 280 575 ablutionem,
298 504 329 562 et
347 502 504 579 baptisma
518 504 747 581 ministrarent;
763 510 796 570 et
814 508 858 570 ita
877 492 940 570 uiro
959 527 1010 571 eo-

71 598 212 679 demque
241 604 330 677 actn,
354 618 432 680 quos
460 608 684 682 regenerarent
710 603 742 663 in
766 604 900 683 Christo,
928 604 1010 667 tilios

71 699 287 777 aggregarent
307 714 429 775 sponsae
458 698 526 779 ejus
554 718 625 779 quae
653 704 701 761 est
726 700 884 778 Ecclesia,
912 707 1009 781 atque

70 794 226 875 appositis
239 795 367 874 regulis,
385 800 416 858 et
435 800 611 859 ceterorum
630 800 899 859 sacramentorum
913 798 1008 877 parti·

70 892 231 970 cipatione
249 892 281 951 in
301 897 430 970 accepta
447 892 570 973 justitia
588 896 862 970 conservarentur,
879 894 1008 972 pertice·

70 991 195 1064 rentur,
212 992 243 1049 et
263 988 294 1049 in
309 988 392 1050 viam
406 990 515 1050 salutis
530 990 588 1050 sub
605 989 688 1050 illius
702 988 883 1071 magisterio
899 996 932 1051 et
950 1008 1009 1069 gu·

70 1084 185 1145 bernio
200 1085 241 1146 ad
256 1089 405 1147 aeternam
419 1086 600 1148 felicitatem
615 1086 877 1147 conducerentur.

112 1182 161 1243 Ita
179 1182 211 1241 in
230 1185 368 1243 mentem
386 1186 534 1243 revocata
548 1180 624 1242 viris
641 1182 796 1262 theologis
809 1181 1007 1261 baptismalis

70 1276 279 1353 institutione,
291 1277 401 1339 inutile
415 1278 555 1357 profecto
569 1295 684 1338 censeo
699 1277 739 1339 de
753 1276 836 1338 illius
849 1278 964 1339 virtute
974 1278 1007 1339 et

70 1368 281 1431 invisibilibus
295 1370 468 1447 effectibus,
480 1371 519 1432 de
534 1370 647 1445 torma,
660 1369 815 1446 ministro,
829 1376 861 1431 et
874 1371 1007 1433 materia

70 1465 168 1545 hujus
192 1467 379 1529 sacramenti
403 1466 581 1547 dogmatice
603 1465 762 1545 inquirere
788 1486 795 1528 :
826 1467 1005 1528 universam

70 1562 170 1642 igitur
183 1561 265 1623 hano
278 1564 497 1625 tractationem
511 1562 684 1642 retringam
700 1562 741 1623 ad
759 1579 797 1623 ea
818 1580 920 1641 pauca
934 1580 1005 1640 quae

70 1657 110 1717 de
136 1656 348 1720 ecclesiastica
364 1659 529 1737 discipline
546 1658 720 1738 prudenter
736 1660 855 1719 statuta
872 1664 947 1718 sunt
964 1659 1006 1720 ad

68 1752 191 1813 licitam
212 1757 243 1814 et
265 1753 412 1817 decoram
437 1755 530 1836 hujus
554 1754 742 1815 sacramenti
763 1754 1006 1817 administratio·

71 1859 156 1925 nem,
175 1867 317 1929 quaequae
332 1855 463 1930 possunt
477 1851 517 1912 ad
532 1851 600 1913 haec
615 1850 719 1927 capita
732 1852 873 1912 revocari
891 1869 898 1911 :

136 2014 139 2021 ¹
235 1945 265 2003 l⁰
280 1945 320 2005 ad
334 1945 511 2009 ministrum
525 1950 556 2006 et
569 1944 746 2023 subjectum

233 2042 265 2098 2⁰
279 2039 319 2101 ad
333 2044 457 2123 tempus
472 2040 622 2103 stlocum

233 2136 265 2194 3ο
279 2135 318 2196 ad
335 2137 528 2199 ceremonias
544 2139 575 2197 et
588 2135 678 2196 ritus.

114 2230 150 2289 N.
168 2229 204 2290 B.
220 2263 259 2275 -
272 2231 317 2290 De
332 2232 592 2293 catechumenatu
602 2247 653 2290 res
668 2228 727 2290 erit
737 2246 834 2309 quum
842 2233 955 2308 agetur
965 2228 1005 2290 de

72 2325 188 2386 adultis
202 2327 243 2387 ad
258 2326 428 2405 baptistam
442 2326 628 2399 offerendis,
646 2326 685 2387 de
699 2325 841 2405 patrinis,
855 2326 894 2387 de
907 2326 1005 2388 benc·

72 2419 209 2482 dictione
225 2439 326 2500 aqua,
348 2421 387 2482 de
406 2421 617 2498 immersione,
636 2422 803 2498 infusione,
823 2422 1004 2502 aspersione

73 2532 169 2593 quum
185 2524 297 2598 agetur
311 2520 350 2580 de
366 2518 561 2580 ceremoniis.
611 2501 620 2515 ’

274 2684 275 2687 ’
337 2679 349 2730 g
364 2673 384 2716 1.
400 2686 427 2720 na
444 2685 556 2719 urnrsrao
571 2686 599 2719 rr
615 2685 734 2720 auersere.

446 2786 466 2830 1.
480 2787 511 2830 lle
523 2787 629 2830 ministro.

111 2891 150 2951 ll.
167 2889 263 2950 Primi
277 2891 477 2968 Baptismetis
492 2891 627 2953 ministri
640 2892 681 2954 ab
695 2894 764 2972 ipso
786 2892 910 2954 Christo
930 2907 1003 2951 con·

74 2985 172 3047 stituti
191 2988 264 3047 sunt
281 2986 413 3064 apostoli
437 3007 444 3048 :
466 3005 528 3050 non
550 2997 657 3050 autem
678 2992 833 3068 quatenns
853 2985 1005 3048 adminis-

73 3081 166 3141 tratio
186 3082 382 3161 baptismatis
405 3081 446 3144 ad
470 3085 530 3145 hoo
558 3089 593 3145 ut
615 3091 848 3145 sacramentum
870 3085 1002 3162 valeret,

75 3180 157 3236 esset
171 3178 245 3256 quid
260 3179 422 3257 apostolici
435 3180 575 3240 munen's
589 3181 752 3259 proprium
766 3183 814 3243 est
822 3181 981 3261 singulare
994 3202 1001 3242 :

73 3272 218 3352 Legimus
233 3275 317 3335 enim
335 3275 466 3336 Paulum
486 3278 687 3354 profitentem
704 3295 739 3336 se
761 3296 824 3343 non
844 3278 885 3338 ad
903 3278 1004 3357 bapti·

75 3367 217 3445 randum,
235 3370 290 3430 sed
306 3369 348 3430 ad
368 3371 604 3449 praedicendum
625 3373 754 3432 missum
772 3373 878 3449 fuisse,
900 3377 931 3434 et
950 3374 1004 3433 ha-

75 3461 184 3525 hemus
200 3466 231 3526 in
248 3467 379 3528 Actibus
395 3485 414 3527 a
431 3467 573 3528 diaconia
595 3468 689 3529 etiam
709 3470 826 3548 passim
843 3471 1003 3548 Baptisma

77 3554 167 3620 tuisse
181 3560 342 3638 collatum,
366 3561 434 3641 (aad
453 3565 608 3642 quatenns
627 3564 799 3642 procedere
817 3564 954 3626 debebat
971 3563 1003 3625 in
