2442 4125
163 365 221 423 111
370 374 600 422 rnsrrrurrouns
622 372 704 420 rums
726 373 880 420 11111111.

162 523 194 583 iu
209 518 312 600 specie
327 519 416 581 vobis
426 519 494 599 J'am
509 523 590 581 nctae
604 524 688 580 sunt.
704 522 789 580 --1ο
804 519 880 581 Aliae
896 524 1040 599 spectant
1054 523 1095 584 ad

163 616 319 679 interioris
333 614 428 677 animi
438 615 608 690 culturam
622 619 654 677 2⁰
665 615 734 678 aliae
745 617 786 678 ad
796 621 959 680 externam
969 636 1096 680 morum

164 713 433 792 compositionem.

203 812 280 882 Quae
294 811 437 890 spectant
450 809 491 868 ad
501 809 657 870 interioris
667 809 763 869 animi
774 809 940 886 culturam,
952 809 1015 870 alia
1024 829 1098 890 pcr-

163 907 265 968 tinent
283 907 325 967 ad
343 907 498 966 culturam
519 905 706 982 intellectus,
731 909 764 968 ut
785 905 921 968 scientia
943 923 1041 968 sacrae
1064 925 1098 968 sc

165 1003 283 1063 dedant
296 1000 413 1076 clerici,
430 994 492 1060 alia
506 1005 647 1078 exparte
661 1000 841 1077 voluntatis,
862 1004 897 1062 ut
913 1001 946 1061 id
966 1019 1061 1063 omne
1080 1020 1100 1062 a

165 1118 198 1160 ss
213 1096 358 1176 rejiciant
371 1114 441 1176 quae
456 1100 584 1175 possent
598 1097 784 1158 clericorum
798 1096 938 1156 animum
951 1114 971 1156 a
989 1095 1097 1157 divino

165 1192 292 1255 servitio
306 1192 501 1268 abstrahere,
523 1198 554 1256 et
574 1192 777 1254 saecularibus
799 1192 893 1253 rebus
914 1196 945 1251 et
963 1190 1099 1271 negotiis

166 1290 337 1353 devincire.

207 1388 256 1448 Ad
272 1390 434 1447 externam
447 1403 571 1447 morum
586 1384 844 1465 compositionem
864 1403 902 1446 ca
923 1384 1031 1446 omnia
1049 1403 1100 1446 re-

166 1482 311 1544 feruntur
325 1496 407 1560 quae,
422 1479 497 1539 licet
510 1497 567 1558 per
579 1497 613 1540 se
628 1497 691 1540 non
705 1479 917 1558 requirantur,
934 1481 964 1539 ct
978 1477 1101 1540 indiffe-

168 1579 273 1636 renter
286 1571 519 1653 quodammodo
534 1589 567 1632 se
586 1571 727 1633 habeant
747 1571 787 1631 ad
808 1571 989 1633 interiorem
1010 1573 1098 1632 cleri-

167 1688 276 1730 corum
298 1669 486 1748 profectum,
512 1672 543 1728 et
570 1667 690 1728 nullam
718 1668 856 1730 habeant
882 1668 1100 1730 immediatam

167 1765 353 1825 relationem
366 1782 439 1824 cum
453 1763 568 1825 decoro
583 1763 779 1824 functionum
798 1763 990 1825 clericalium
1008 1782 1101 1825 exer-

167 1857 251 1933 citio,
268 1858 473 1937 requiruntur
486 1861 592 1920 tamen
606 1857 648 1918 ad
663 1858 723 1919 hoc
736 1861 771 1918 ut
783 1857 855 1918 laici
870 1875 909 1917 ex
928 1857 996 1936 ipso
1016 1862 1100 1920 exte-

167 1954 241 2016 riori
260 1955 358 2032 cultu,
381 1955 517 2032 incessu,
540 1953 788 2030 conversatione,
809 1953 929 2029 habitu,
951 1972 1102 2016 reveren-

166 2053 244 2115 tiam
277 2072 354 2133 erga
380 2052 478 2115 vitam
509 2051 686 2114 clericalem
721 2069 892 2131 eorumque
927 2050 1101 2115 ministeria

169 2149 358 2229 concipiant.

208 2248 283 2307 Haec
310 2246 417 2306 omnia
438 2244 589 2304 minutius
613 2259 769 2321 exponere
793 2246 868 2323 puto
892 2244 1098 2323 superfluum,

169 2340 321 2420 quiajam
335 2342 429 2415 nota,
447 2345 478 2398 ct
491 2338 604 2398 melius
618 2342 694 2399 ncta
707 2342 799 2401 erunt
812 2340 843 2399 in
859 2340 1034 2401 sublimiori
1048 2361 1103 2402 ca-

169 2449 287 2490 nonum
309 2431 482 2509 disciplina,
509 2431 635 2509 quando
658 2449 761 2493 sermo
784 2432 844 2494 erit
866 2432 905 2493 de
924 2434 1013 2502 titulo
1031 2455 1038 2495 ε
1056 2438 1101 2495 De

169 2528 233 2588 vita
247 2530 278 2587 et
292 2527 455 2587 honestate
470 2527 666 2590 clericorum.

211 2623 367 2703 Specialia
393 2628 466 2685 sunt
499 2644 569 2706 quae
603 2625 698 2687 variis
732 2626 917 2687 clericorum
949 2625 1103 2705 gradibus

170 2717 372 2797 respondent,
395 2722 427 2779 et
446 2723 519 2780 sunt
541 2723 571 2780 1ο
593 2721 711 2782 ordinis
733 2720 932 2794 exercitium3
958 2725 990 2781 2⁰
1014 2722 1101 2783 caeli·
1183 2741 1187 2747 ’

170 2814 279 2888 hatus;
295 2817 327 2876 3⁰
339 2815 478 2879 officium
494 2815 645 2893 divinum,
662 2816 701 2877 dc
720 2817 833 2897 quihus
852 2821 946 2878 autea
963 2817 1104 2877 breviter

169 2909 265 2973 locuti
280 2930 399 2991 sumus,
417 2915 449 2974 11
465 2912 563 2973 fusius
584 2914 688 2993 agitur
705 2914 737 2973 in
755 2914 942 2975 tractatione
960 2912 1102 2993 speciali,

170 3027 225 3069 seu
239 3011 272 3070 in
286 3010 478 3090 expositione
492 3014 606 3071 textus.

370 3246 373 3253 '
442 3243 476 3291 11.
489 3247 615 3303 lictoribus
626 3250 695 3291 strtm
707 3246 821 3291 claricalis.

213 3391 279 3452 XV.
302 3391 320 3451 J
323 3410 381 3452 ura
394 3396 492 3454 status
507 3395 659 3456 clericalis
669 3399 700 3456 l⁰
711 3396 772 3456 alia
786 3413 824 3457 ex
835 3396 907 3477 jure
922 3396 1103 3479 dogmatico

173 3486 313 3548 absolute
329 3490 360 3549 ct
372 3488 551 3551 immediate
567 3491 719 3567 derivant,
736 3496 767 3552 2⁰
782 3492 845 3553 alia
863 3494 981 3557 habent
1000 3497 1105 3575 quod-

173 3581 248 3643 dam
261 3583 500 3648 fundamcntum
517 3590 549 3649 11
567 3587 739 3667 quamdam
759 3590 1009 3653 convenientiam
1031 3610 1105 3657 cum
