2442 4125
295 360 333 403 ns
355 360 483 406 osrscro
503 362 585 406 ruurs
608 362 763 407 canonici.
956 348 996 409 69

59 502 115 563 sed
138 507 214 563 tunc
236 502 378 563 Ecclesia
399 503 466 564 visa
488 503 597 565 luisset
617 508 721 566 errata
744 505 917 584 corrigere3
941 510 997 566 ant

58 598 240 677 permittere
255 598 442 679 inaequalem
458 600 563 677 ritum,
584 600 640 661 sed
655 618 713 662 uec
731 602 875 663 solvisset
893 620 996 681 quaes-

57 692 187 767 tionem,
204 708 263 752 nec
282 692 462 754 abstulisset
480 693 637 756 haereticis
655 697 853 757 occasionem
875 697 995 776 discep-

57 786 147 848 tandi
162 792 194 848 et
213 786 363 849 turbandi
380 788 499 851 tldales.
518 790 590 851 Sive
605 809 669 852 uno
690 793 756 852 sive
779 793 878 855 altero
899 794 994 854 modo

57 884 125 945 visa
146 883 258 945 fuisset
278 882 494 945 obsecundare
509 887 609 947 errori
624 886 802 966 dogmatico
818 890 857 949 de
872 890 996 950 nonin·

57 983 150 1057 tegra
167 976 334 1055 praesentia
353 994 425 1038 oum
444 995 507 1057 quo
518 977 735 1059 jungebantur
752 982 909 1045 instantiae
929 984 995 1045 hae-

56 1074 240 1135 reticorum.
258 1073 364 1133 Potius
375 1072 464 1135 duxit
473 1075 625 1152 optimam
634 1077 821 1139 confirmare
831 1078 994 1141 inductam

56 1165 278 1243 disciplinam,
307 1170 339 1227 st
366 1182 423 1243 per
449 1164 536 1245 tages
571 1166 698 1229 babere.
729 1169 879 1234 Probavit
905 1172 992 1234 Trid.

56 1276 134 1320 sess.
152 1261 203 1334 ul,
220 1275 289 1319 can.
305 1261 334 1319 2.
352 1258 422 1323 vid.
441 1258 560 1319 Beued.
576 1262 659 1324 xlv.

420 1453 567 1504 coerrat.
586 1454 631 1505 lV.

208 1641 210 1645 .
267 1604 305 1643 DE
323 1604 537 1645 SACRAHNTO
559 1604 786 1644 POENHRNTIAE.

95 1755 120 1813 l.
139 1750 213 1813 Vita
226 1746 481 1827 supernaturalis,
499 1764 569 1828 quae
589 1750 729 1811 nascitur
746 1766 804 1828 per
820 1740 990 1829 baptisma,

55 1849 212 1911 adolescit
225 1850 256 1908 et
269 1844 435 1905 roboratur
449 1861 506 1922 per
525 1844 807 1923 confirmationem,
828 1848 994 1926 saginatur

54 1964 115 2026 per
137 1941 378 2016 Enohanstiam,
405 1958 468 2002 non
496 1942 543 2000 est
570 1940 740 2001 christiano
767 1942 990 2003 inamissibilis.

55 2045 138 2104 Nam
162 2041 189 2102 si
211 2038 371 2117 contingat
391 2036 595 2099 christianum
617 2037 650 2097 in
671 2042 836 2115 peccatum
857 2039 990 2117 prolabi,

53 2139 227 2212 vitalicae,
253 2137 279 2196 si
301 2135 423 2196 veniale
447 2133 552 2210 tuerit,
579 2137 771 2210 attenuatur,
796 2135 823 2195 si
846 2136 990 2210 mortale,

55 2234 253 2314 extinguitur
266 2233 405 2294 omnino.
423 2233 525 2303 Quum
547 2249 623 2312 ergo
643 2230 799 2309 baptisma
820 2250 859 2292 ex
880 2231 994 2294 Christi

54 2330 253 2394 institutione
276 2328 383 2389 iterari
404 2331 550 2406 nequeat,
574 2330 630 2389 aut
650 2328 690 2389 de
710 2329 810 2390 salute
832 2329 995 2391 christiani

54 2423 219 2506 peccantis
240 2421 321 2484 foret
344 2422 588 2500 desperandum,
612 2427 667 2486 aut
687 2423 773 2483 aliud
794 2424 933 2485 medium
955 2442 993 2485 ex

54 2518 275 2582 misericordia
297 2518 354 2578 Dei
380 2522 526 2595 paratum
554 2523 610 2593 est,
638 2536 700 2598 quo
724 2519 873 2580 amissam
896 2520 993 2581 vitam

53 2617 158 2697 possit
172 2631 369 2693 recuperare.
390 2613 511 2675 Placuit
529 2614 753 2675 misericordia
772 2617 831 2675 Dei
848 2616 908 2676 hoc
926 2633 994 2674 me-

54 2716 148 2776 dium
170 2712 382 2790 suppeditare,
408 2711 578 2788 praebendo
603 2711 786 2773 Christianis
810 2711 993 2790 delinquen-

52 2812 142 2874 tibus
158 2808 351 2887 poeniteutiae
365 2808 486 2880 locum3
507 2808 581 2882 imo,
604 2807 757 2868 elevando
776 2807 993 2884 poenitentiam
1054 2833 1058 2838 ’

53 2907 97 2968 ad
113 2907 358 2979 sacramentum,
376 2902 462 2981 quod
476 2919 532 2963 uos
547 2907 780 2964 sacramentum
798 2892 992 2979 poenitentiae

52 3020 174 3064 vocare
193 3001 341 3074 solemus,
364 3015 435 3078 quae
451 2998 482 3058 in
497 2999 561 3058 vita
583 2998 738 3077 spirituali
756 2997 901 3058 seenndae
923 3001 995 3076 post

53 3097 261 3176 naufragium
279 3095 394 3157 tabulae
414 3099 625 3172 comparatur.

96 3197 141 3256 At
161 3193 275 3254 divinae
293 3191 422 3270 justitia
437 3191 516 3253 ratio
532 3191 638 3272 (donc.
662 3193 714 3252 Tr.
738 3206 815 3250 sess.
839 3193 888 3251 ll.
912 3207 939 3250 c.
962 3189 993 3267 8)

54 3291 164 3370 exegit
178 3293 213 3350 ut
227 3288 318 3349 aliter
330 3288 544 3366 reciperentur
556 3287 589 3346 in
604 3286 741 3365 gratiam
754 3287 808 3365 qui
824 3289 897 3348 ante
912 3288 994 3366 bap-

53 3389 153 3449 tisma
167 3402 226 3463 per
238 3383 449 3462 ignorantiam
469 3382 683 3462 deliquissent,
707 3382 797 3443 aliter
817 3383 872 3462 qni
890 3399 996 3460 apec-

55 3482 135 3543 catis
157 3485 190 3542 et
211 3479 363 3540 daemonis
386 3479 534 3540 servitute
554 3477 690 3553 liberati,
716 3482 749 3537 et
770 3484 901 3556 accepto
925 3478 994 3555 Spi-

56 3579 119 3641 ritu
141 3577 175 3639 S.
201 3575 296 3652 dono,
320 3574 465 3651 scientes,
487 3573 641 3654 templum
661 3574 718 3636 Dei
735 3573 854 3635 violare
877 3577 909 3634 et
930 3572 996 3648 spi·
