<?xml version="1.0" encoding="UTF-8"?>
<!DOCTYPE html PUBLIC "-//W3C//DTD XHTML 1.0 Transitional//EN"
    "http://www.w3.org/TR/xhtml1/DTD/xhtml1-transitional.dtd">
<html xmlns="http://www.w3.org/1999/xhtml" xml:lang="en" lang="en">
 <head>
  <title>
</title>
<meta http-equiv="Content-Type" content="text/html;charset=utf-8" />
  <meta name='ocr-system' content='tesseract 3.04.00' />
  <meta name='ocr-capabilities' content='ocr_page ocr_carea ocr_par ocr_line ocrx_word'/>
</head>
<body>
  <div class='ocr_page' id='page_1' title='image "./institutionesju04marigoog_0277.png"; bbox 0 0 2442 4125; ppageno 0'>
   <div class='ocr_carea' id='block_1_1' title="bbox 325 293 1028 352">
    <p class='ocr_par' dir='ltr' id='par_1_1' title="bbox 325 293 1028 352">
     <span class='ocr_line' id='line_1_1' title="bbox 325 293 1028 352; baseline 0.009 -6"><span class='ocrx_word' id='word_1_1' title='bbox 325 303 364 346; x_wconf 88' lang='lat' dir='ltr'><strong>us</strong></span> <span class='ocrx_word' id='word_1_2' title='bbox 385 301 514 348; x_wconf 76' lang='lat' dir='ltr'><strong>obsecre</strong></span> <span class='ocrx_word' id='word_1_3' title='bbox 535 303 619 348; x_wconf 80' lang='lat' dir='ltr'><strong>ruars</strong></span> <span class='ocrx_word' id='word_1_4' title='bbox 641 301 799 348; x_wconf 80' lang='lat' dir='ltr'><strong>canorum.</strong></span> <span class='ocrx_word' id='word_1_5' title='bbox 963 293 1028 352; x_wconf 65' lang='lat'><strong>26³1</strong></span> 
     </span>
    </p>
   </div>
   <div class='ocr_carea' id='block_1_2' title="bbox 54 445 1030 1096">
    <p class='ocr_par' dir='ltr' id='par_1_2' title="bbox 54 445 1030 1096">
     <span class='ocr_line' id='line_1_2' title="bbox 54 445 1028 528; baseline 0.002 -22"><span class='ocrx_word' id='word_1_6' title='bbox 54 448 193 518; x_wconf 85' lang='lat' dir='ltr'><strong>heret,</strong></span> <span class='ocrx_word' id='word_1_7' title='bbox 208 445 249 506; x_wconf 88' lang='lat' dir='ltr'><strong>ad</strong></span> <span class='ocrx_word' id='word_1_8' title='bbox 262 445 430 506; x_wconf 89' lang='lat' dir='ltr'><strong>invisibilia</strong></span> <span class='ocrx_word' id='word_1_9' title='bbox 445 447 476 506; x_wconf 88' lang='lat' dir='ltr'><strong>at</strong></span> <span class='ocrx_word' id='word_1_10' title='bbox 496 449 613 507; x_wconf 76' lang='lat' dir='ltr'><strong>aeterna</strong></span> <span class='ocrx_word' id='word_1_11' title='bbox 633 447 843 528; x_wconf 77' lang='lat' dir='ltr'><strong>cogitationes</strong></span> <span class='ocrx_word' id='word_1_12' title='bbox 864 447 1028 508; x_wconf 89' lang='lat' dir='ltr'><strong>bominum</strong></span> 
     </span>
     <span class='ocr_line' id='line_1_3' title="bbox 58 527 1030 622; baseline 0.003 -21"><span class='ocrx_word' id='word_1_13' title='bbox 58 545 266 619; x_wconf 85' lang='lat' dir='ltr'><strong>revocaret,</strong></span> <span class='ocrx_word' id='word_1_14' title='bbox 277 527 314 602; x_wconf 73' lang='lat' dir='ltr'><strong>⁸et</strong></span> <span class='ocrx_word' id='word_1_15' title='bbox 328 542 371 605; x_wconf 88' lang='lat' dir='ltr'><strong>ita</strong></span> <span class='ocrx_word' id='word_1_16' title='bbox 385 541 578 619; x_wconf 87' lang='lat' dir='ltr'><strong>kalendaria,</strong></span> <span class='ocrx_word' id='word_1_17' title='bbox 595 543 825 622; x_wconf 78' lang='lat' dir='ltr'><strong>ephemerides,</strong></span> <span class='ocrx_word' id='word_1_18' title='bbox 839 542 938 604; x_wconf 89' lang='lat' dir='ltr'><strong>diaria</strong></span> <span class='ocrx_word' id='word_1_19' title='bbox 952 544 1030 604; x_wconf 85' lang='lat' dir='ltr'><strong>civi·</strong></span> 
     </span>
     <span class='ocr_line' id='line_1_4' title="bbox 61 635 1029 716; baseline -0.001 -19"><span class='ocrx_word' id='word_1_20' title='bbox 61 637 175 698; x_wconf 85' lang='lat' dir='ltr'><strong>libus</strong></span> <span class='ocrx_word' id='word_1_21' title='bbox 203 635 311 697; x_wconf 84' lang='lat' dir='ltr'><strong>usibus</strong></span> <span class='ocrx_word' id='word_1_22' title='bbox 338 637 492 697; x_wconf 85' lang='lat' dir='ltr'><strong>destinata</strong></span> <span class='ocrx_word' id='word_1_23' title='bbox 520 638 638 699; x_wconf 89' lang='lat' dir='ltr'><strong>sensim</strong></span> <span class='ocrx_word' id='word_1_24' title='bbox 669 637 737 698; x_wconf 87' lang='lat' dir='ltr'><strong>sine</strong></span> <span class='ocrx_word' id='word_1_25' title='bbox 765 655 859 698; x_wconf 89' lang='lat' dir='ltr'><strong>sensu</strong></span> <span class='ocrx_word' id='word_1_26' title='bbox 888 656 1029 716; x_wconf 82' lang='lat' dir='ltr'><strong>paganus</strong></span> 
     </span>
     <span class='ocr_line' id='line_1_5' title="bbox 64 732 1029 812; baseline 0.002 -19"><span class='ocrx_word' id='word_1_27' title='bbox 64 733 274 794; x_wconf 83' lang='lat' dir='ltr'><strong>amitterent</strong></span> <span class='ocrx_word' id='word_1_28' title='bbox 288 734 389 808; x_wconf 88' lang='lat' dir='ltr'><strong>notas,</strong></span> <span class='ocrx_word' id='word_1_29' title='bbox 406 732 581 794; x_wconf 88' lang='lat' dir='ltr'><strong>christianis</strong></span> <span class='ocrx_word' id='word_1_30' title='bbox 594 733 755 794; x_wconf 88' lang='lat' dir='ltr'><strong>memoriis</strong></span> <span class='ocrx_word' id='word_1_31' title='bbox 774 736 805 795; x_wconf 93' lang='lat' dir='ltr'><strong>et</strong></span> <span class='ocrx_word' id='word_1_32' title='bbox 825 732 1029 812; x_wconf 79' lang='lat' dir='ltr'><strong>significatio·</strong></span> 
     </span>
     <span class='ocr_line' id='line_1_6' title="bbox 68 827 1025 905; baseline 0.003 -19"><span class='ocrx_word' id='word_1_33' title='bbox 68 827 187 887; x_wconf 88' lang='lat' dir='ltr'><strong>nibus</strong></span> <span class='ocrx_word' id='word_1_34' title='bbox 201 828 367 902; x_wconf 78' lang='lat' dir='ltr'><strong>scaterent,</strong></span> <span class='ocrx_word' id='word_1_35' title='bbox 383 843 454 904; x_wconf 77' lang='lat' dir='ltr'><strong>qna</strong></span> <span class='ocrx_word' id='word_1_36' title='bbox 468 827 618 889; x_wconf 90' lang='lat' dir='ltr'><strong>continuo</strong></span> <span class='ocrx_word' id='word_1_37' title='bbox 630 827 703 890; x_wconf 84' lang='lat' dir='ltr'><strong>fidei</strong></span> <span class='ocrx_word' id='word_1_38' title='bbox 725 833 843 888; x_wconf 77' lang='lat' dir='ltr'><strong>nostrae</strong></span> <span class='ocrx_word' id='word_1_39' title='bbox 864 827 1025 905; x_wconf 79' lang='lat' dir='ltr'><strong>mysteria,</strong></span> 
     </span>
     <span class='ocr_line' id='line_1_7' title="bbox 73 920 1028 997; baseline 0.001 -15"><span class='ocrx_word' id='word_1_40' title='bbox 73 924 229 982; x_wconf 89' lang='lat' dir='ltr'><strong>heroum</strong></span> <span class='ocrx_word' id='word_1_41' title='bbox 242 924 420 982; x_wconf 90' lang='lat' dir='ltr'><strong>nostrorum</strong></span> <span class='ocrx_word' id='word_1_42' title='bbox 434 920 525 997; x_wconf 81' lang='lat' dir='ltr'><strong>testa,</strong></span> <span class='ocrx_word' id='word_1_43' title='bbox 541 927 572 983; x_wconf 90' lang='lat' dir='ltr'><strong>et</strong></span> <span class='ocrx_word' id='word_1_44' title='bbox 586 923 764 983; x_wconf 86' lang='lat' dir='ltr'><strong>nniversam</strong></span> <span class='ocrx_word' id='word_1_45' title='bbox 784 921 1028 983; x_wconf 85' lang='lat' dir='ltr'><strong>ecclesiasticam</strong></span> 
     </span>
     <span class='ocr_line' id='line_1_8' title="bbox 74 1016 1030 1096; baseline -0.001 -17"><span class='ocrx_word' id='word_1_46' title='bbox 74 1017 257 1079; x_wconf 80' lang='lat' dir='ltr'><strong>historiam</strong></span> <span class='ocrx_word' id='word_1_47' title='bbox 285 1016 473 1094; x_wconf 78' lang='lat' dir='ltr'><strong>edocerent,</strong></span> <span class='ocrx_word' id='word_1_48' title='bbox 513 1016 615 1079; x_wconf 88' lang='lat' dir='ltr'><strong>donec</strong></span> <span class='ocrx_word' id='word_1_49' title='bbox 638 1034 695 1096; x_wconf 91' lang='lat' dir='ltr'><strong>pro</strong></span> <span class='ocrx_word' id='word_1_50' title='bbox 722 1017 833 1078; x_wconf 90' lang='lat' dir='ltr'><strong>morali</strong></span> <span class='ocrx_word' id='word_1_51' title='bbox 867 1016 1030 1080; x_wconf 85' lang='lat' dir='ltr'><strong>influentia</strong></span> 
     </span>
    </p>
   </div>
   <div class='ocr_carea' id='block_1_3' title="bbox 73 1111 1030 1282">
    <p class='ocr_par' dir='ltr' id='par_1_3' title="bbox 73 1111 1030 1282">
     <span class='ocr_line' id='line_1_9' title="bbox 73 1111 1029 1193; baseline 0 -21"><span class='ocrx_word' id='word_1_52' title='bbox 73 1131 191 1193; x_wconf 86' lang='lat' dir='ltr'><strong>quam</strong></span> <span class='ocrx_word' id='word_1_53' title='bbox 205 1113 343 1174; x_wconf 85' lang='lat' dir='ltr'><strong>exercuit</strong></span> <span class='ocrx_word' id='word_1_54' title='bbox 356 1112 389 1173; x_wconf 91' lang='lat' dir='ltr'><strong>in</strong></span> <span class='ocrx_word' id='word_1_55' title='bbox 402 1111 601 1176; x_wconf 79' lang='lat' dir='ltr'><strong>habitudines</strong></span> <span class='ocrx_word' id='word_1_56' title='bbox 616 1117 649 1174; x_wconf 92' lang='lat' dir='ltr'><strong>et</strong></span> <span class='ocrx_word' id='word_1_57' title='bbox 669 1111 914 1175; x_wconf 86' lang='lat' dir='ltr'><strong>consuetudines</strong></span> <span class='ocrx_word' id='word_1_58' title='bbox 928 1129 1029 1191; x_wconf 91' lang='lat' dir='ltr'><strong>popu·</strong></span> 
     </span>
     <span class='ocr_line' id='line_1_10' title="bbox 75 1199 1030 1282; baseline 0 -18"><span class='ocrx_word' id='word_1_59' title='bbox 75 1205 198 1264; x_wconf 92' lang='lat' dir='ltr'><strong>lornm</strong></span> <span class='ocrx_word' id='word_1_60' title='bbox 212 1199 297 1262; x_wconf 88' lang='lat' dir='ltr'><strong>adid</strong></span> <span class='ocrx_word' id='word_1_61' title='bbox 311 1201 487 1281; x_wconf 83' lang='lat' dir='ltr'><strong>pervenerit</strong></span> <span class='ocrx_word' id='word_1_62' title='bbox 500 1207 535 1262; x_wconf 92' lang='lat' dir='ltr'><strong>ut</strong></span> <span class='ocrx_word' id='word_1_63' title='bbox 550 1200 641 1262; x_wconf 88' lang='lat' dir='ltr'><strong>unice</strong></span> <span class='ocrx_word' id='word_1_64' title='bbox 655 1208 687 1264; x_wconf 87' lang='lat' dir='ltr'><strong>at</strong></span> <span class='ocrx_word' id='word_1_65' title='bbox 703 1202 859 1264; x_wconf 76' lang='lat' dir='ltr'><strong>exclusive</strong></span> <span class='ocrx_word' id='word_1_66' title='bbox 874 1203 973 1282; x_wconf 87' lang='lat' dir='ltr'><strong>potita</strong></span> <span class='ocrx_word' id='word_1_67' title='bbox 989 1201 1030 1264; x_wconf 88' lang='lat' dir='ltr'><strong>sit</strong></span> 
     </span>
    </p>
   </div>
   <div class='ocr_carea' id='block_1_4' title="bbox 77 1297 1031 1950">
    <p class='ocr_par' dir='ltr' id='par_1_4' title="bbox 77 1297 1029 1552">
     <span class='ocr_line' id='line_1_11' title="bbox 77 1297 1029 1378; baseline 0 -18"><span class='ocrx_word' id='word_1_68' title='bbox 77 1298 243 1360; x_wconf 83' lang='lat' dir='ltr'><strong>methodo</strong></span> <span class='ocrx_word' id='word_1_69' title='bbox 257 1297 459 1375; x_wconf 84' lang='lat' dir='ltr'><strong>computandi</strong></span> <span class='ocrx_word' id='word_1_70' title='bbox 475 1305 629 1378; x_wconf 89' lang='lat' dir='ltr'><strong>tempora,</strong></span> <span class='ocrx_word' id='word_1_71' title='bbox 646 1304 679 1358; x_wconf 91' lang='lat' dir='ltr'><strong>et</strong></span> <span class='ocrx_word' id='word_1_72' title='bbox 690 1298 875 1360; x_wconf 89' lang='lat' dir='ltr'><strong>kalendaria</strong></span> <span class='ocrx_word' id='word_1_73' title='bbox 889 1305 920 1362; x_wconf 88' lang='lat' dir='ltr'><strong>et</strong></span> <span class='ocrx_word' id='word_1_74' title='bbox 934 1301 1029 1378; x_wconf 92' lang='lat' dir='ltr'><strong>aphe-</strong></span> 
     </span>
     <span class='ocr_line' id='line_1_12' title="bbox 80 1393 1029 1474; baseline 0.003 -19"><span class='ocrx_word' id='word_1_75' title='bbox 80 1395 231 1456; x_wconf 87' lang='lat' dir='ltr'><strong>merides</strong></span> <span class='ocrx_word' id='word_1_76' title='bbox 246 1398 277 1455; x_wconf 87' lang='lat' dir='ltr'><strong>at</strong></span> <span class='ocrx_word' id='word_1_77' title='bbox 290 1393 389 1454; x_wconf 86' lang='lat' dir='ltr'><strong>diaria</strong></span> <span class='ocrx_word' id='word_1_78' title='bbox 409 1393 549 1455; x_wconf 89' lang='lat' dir='ltr'><strong>omnium</strong></span> <span class='ocrx_word' id='word_1_79' title='bbox 568 1394 722 1457; x_wconf 90' lang='lat' dir='ltr'><strong>cultorum</strong></span> <span class='ocrx_word' id='word_1_80' title='bbox 741 1395 930 1474; x_wconf 89' lang='lat' dir='ltr'><strong>populorum</strong></span> <span class='ocrx_word' id='word_1_81' title='bbox 947 1396 1029 1458; x_wconf 85' lang='lat' dir='ltr'><strong>iacta</strong></span> 
     </span>
     <span class='ocr_line' id='line_1_13' title="bbox 83 1489 348 1552; baseline 0 0"><span class='ocrx_word' id='word_1_82' title='bbox 83 1489 348 1552; x_wconf 82' lang='lat' dir='ltr'><strong>sintehristiaua.</strong></span> 
     </span>
    </p>

    <p class='ocr_par' dir='ltr' id='par_1_5' title="bbox 88 1584 1031 1950">
     <span class='ocr_line' id='line_1_14' title="bbox 134 1584 1028 1666; baseline -0.002 -20"><span class='ocrx_word' id='word_1_83' title='bbox 134 1587 181 1646; x_wconf 84' lang='lat' dir='ltr'><strong>Da</strong></span> <span class='ocrx_word' id='word_1_84' title='bbox 191 1585 250 1646; x_wconf 89' lang='lat' dir='ltr'><strong>boe</strong></span> <span class='ocrx_word' id='word_1_85' title='bbox 260 1603 375 1666; x_wconf 81' lang='lat' dir='ltr'><strong>magno</strong></span> <span class='ocrx_word' id='word_1_86' title='bbox 385 1603 490 1664; x_wconf 88' lang='lat' dir='ltr'><strong>opere,</strong></span> <span class='ocrx_word' id='word_1_87' title='bbox 503 1586 646 1649; x_wconf 86' lang='lat' dir='ltr'><strong>videlieet</strong></span> <span class='ocrx_word' id='word_1_88' title='bbox 656 1585 837 1646; x_wconf 85' lang='lat' dir='ltr'><strong>kalendario</strong></span> <span class='ocrx_word' id='word_1_89' title='bbox 847 1584 1028 1657; x_wconf 87' lang='lat' dir='ltr'><strong>christiano,</strong></span> 
     </span>
     <span class='ocr_line' id='line_1_15' title="bbox 88 1680 1027 1763; baseline -0.002 -20"><span class='ocrx_word' id='word_1_90' title='bbox 88 1700 161 1763; x_wconf 84' lang='lat' dir='ltr'><strong>quo</strong></span> <span class='ocrx_word' id='word_1_91' title='bbox 174 1683 314 1745; x_wconf 79' lang='lat' dir='ltr'><strong>Ecclesia</strong></span> <span class='ocrx_word' id='word_1_92' title='bbox 327 1682 518 1745; x_wconf 87' lang='lat' dir='ltr'><strong>coordinavit</strong></span> <span class='ocrx_word' id='word_1_93' title='bbox 532 1690 673 1762; x_wconf 85' lang='lat' dir='ltr'><strong>tempera</strong></span> <span class='ocrx_word' id='word_1_94' title='bbox 687 1681 729 1744; x_wconf 88' lang='lat' dir='ltr'><strong>ad</strong></span> <span class='ocrx_word' id='word_1_95' title='bbox 751 1680 936 1742; x_wconf 83' lang='lat' dir='ltr'><strong>exercitium</strong></span> <span class='ocrx_word' id='word_1_96' title='bbox 957 1680 1027 1742; x_wconf 76' lang='lat' dir='ltr'><strong>vita</strong></span> 
     </span>
     <span class='ocr_line' id='line_1_16' title="bbox 90 1774 1031 1860; baseline -0.007 -20"><span class='ocrx_word' id='word_1_97' title='bbox 90 1779 277 1860; x_wconf 85' lang='lat' dir='ltr'><strong>spiritualis,</strong></span> <span class='ocrx_word' id='word_1_98' title='bbox 294 1779 334 1841; x_wconf 92' lang='lat' dir='ltr'><strong>ad</strong></span> <span class='ocrx_word' id='word_1_99' title='bbox 348 1780 465 1841; x_wconf 90' lang='lat' dir='ltr'><strong>cultum</strong></span> <span class='ocrx_word' id='word_1_100' title='bbox 479 1776 632 1853; x_wconf 89' lang='lat' dir='ltr'><strong>divinum,</strong></span> <span class='ocrx_word' id='word_1_101' title='bbox 647 1775 689 1836; x_wconf 89' lang='lat' dir='ltr'><strong>ad</strong></span> <span class='ocrx_word' id='word_1_102' title='bbox 702 1774 798 1836; x_wconf 89' lang='lat' dir='ltr'><strong>finem</strong></span> <span class='ocrx_word' id='word_1_103' title='bbox 808 1777 1031 1852; x_wconf 86' lang='lat' dir='ltr'><strong>supamatura·</strong></span> 
     </span>
     <span class='ocr_line' id='line_1_17' title="bbox 91 1867 1029 1950; baseline -0.009 -14"><span class='ocrx_word' id='word_1_104' title='bbox 91 1876 173 1950; x_wconf 92' lang='lat' dir='ltr'><strong>lem,</strong></span> <span class='ocrx_word' id='word_1_105' title='bbox 189 1879 221 1938; x_wconf 85' lang='lat' dir='ltr'><strong>et</strong></span> <span class='ocrx_word' id='word_1_106' title='bbox 234 1875 407 1938; x_wconf 89' lang='lat' dir='ltr'><strong>secundum</strong></span> <span class='ocrx_word' id='word_1_107' title='bbox 421 1873 503 1934; x_wconf 92' lang='lat' dir='ltr'><strong>hanc</strong></span> <span class='ocrx_word' id='word_1_108' title='bbox 517 1870 786 1934; x_wconf 86' lang='lat' dir='ltr'><strong>coordinationem</strong></span> <span class='ocrx_word' id='word_1_109' title='bbox 808 1867 921 1930; x_wconf 87' lang='lat' dir='ltr'><strong>direxit</strong></span> <span class='ocrx_word' id='word_1_110' title='bbox 940 1868 1029 1930; x_wconf 90' lang='lat' dir='ltr'><strong>habi·</strong></span> 
     </span>
    </p>
   </div>
   <div class='ocr_carea' id='block_1_5' title="bbox 93 1960 1136 2046">
    <p class='ocr_par' dir='ltr' id='par_1_6' title="bbox 93 1960 1136 2046">
     <span class='ocr_line' id='line_1_18' title="bbox 93 1960 1136 2046; baseline -0.012 -16"><span class='ocrx_word' id='word_1_111' title='bbox 93 1960 1028 2040; x_wconf 86' lang='lat' dir='ltr'><strong>tudineseteonsuetudinesomniumeultorumpopnlornm,</strong></span> <span class='ocrx_word' id='word_1_112' title='bbox 1127 2035 1136 2046; x_wconf 92' lang='lat'><strong>.</strong></span> 
     </span>
    </p>
   </div>
   <div class='ocr_carea' id='block_1_6' title="bbox 94 2051 1032 3001">
    <p class='ocr_par' dir='ltr' id='par_1_7' title="bbox 94 2051 1032 2337">
     <span class='ocr_line' id='line_1_19' title="bbox 94 2051 1027 2136; baseline -0.009 -13"><span class='ocrx_word' id='word_1_113' title='bbox 94 2082 160 2125; x_wconf 87' lang='lat' dir='ltr'><strong>non</strong></span> <span class='ocrx_word' id='word_1_114' title='bbox 174 2069 295 2129; x_wconf 86' lang='lat' dir='ltr'><strong>tantum</strong></span> <span class='ocrx_word' id='word_1_115' title='bbox 310 2064 343 2123; x_wconf 92' lang='lat' dir='ltr'><strong>in</strong></span> <span class='ocrx_word' id='word_1_116' title='bbox 357 2059 574 2127; x_wconf 87' lang='lat' dir='ltr'><strong>ecclesiasticis</strong></span> <span class='ocrx_word' id='word_1_117' title='bbox 589 2064 620 2119; x_wconf 90' lang='lat' dir='ltr'><strong>et</strong></span> <span class='ocrx_word' id='word_1_118' title='bbox 635 2054 847 2136; x_wconf 86' lang='lat' dir='ltr'><strong>spiritualibus</strong></span> <span class='ocrx_word' id='word_1_119' title='bbox 861 2051 1027 2129; x_wconf 84' lang='lat' dir='ltr'><strong>exercitiis,</strong></span> 
     </span>
     <span class='ocr_line' id='line_1_20' title="bbox 95 2150 1032 2235; baseline -0.014 -13"><span class='ocrx_word' id='word_1_120' title='bbox 95 2160 267 2235; x_wconf 87' lang='lat' dir='ltr'><strong>sedetiam</strong></span> <span class='ocrx_word' id='word_1_121' title='bbox 290 2159 321 2219; x_wconf 93' lang='lat' dir='ltr'><strong>in</strong></span> <span class='ocrx_word' id='word_1_122' title='bbox 344 2158 495 2233; x_wconf 86' lang='lat' dir='ltr'><strong>civilibus,</strong></span> <span class='ocrx_word' id='word_1_123' title='bbox 516 2186 556 2203; x_wconf 89' lang='lat'><em>-</em></span> <span class='ocrx_word' id='word_1_124' title='bbox 585 2152 744 2233; x_wconf 78' lang='lat' dir='ltr'><strong>paulisper</strong></span> <span class='ocrx_word' id='word_1_125' title='bbox 764 2150 940 2228; x_wconf 87' lang='lat' dir='ltr'><strong>loquemur.</strong></span> <span class='ocrx_word' id='word_1_126' title='bbox 966 2150 1032 2209; x_wconf 87' lang='lat' dir='ltr'><strong>Hoc</strong></span> 
     </span>
     <span class='ocr_line' id='line_1_21' title="bbox 97 2248 711 2337; baseline -0.015 -20"><span class='ocrx_word' id='word_1_127' title='bbox 97 2256 318 2337; x_wconf 75' lang='lat' dir='ltr'><strong>prestabimus</strong></span> <span class='ocrx_word' id='word_1_128' title='bbox 332 2253 463 2315; x_wconf 85' lang='lat' dir='ltr'><strong>seorsim</strong></span> <span class='ocrx_word' id='word_1_129' title='bbox 479 2248 686 2331; x_wconf 88' lang='lat' dir='ltr'><strong>expendendo</strong></span> <span class='ocrx_word' id='word_1_130' title='bbox 702 2266 711 2308; x_wconf 76' lang='grc' dir='ltr'><strong><em>ε</em></strong></span> 
     </span>
    </p>

    <p class='ocr_par' dir='ltr' id='par_1_8' title="bbox 99 2341 1032 2522">
     <span class='ocr_line' id='line_1_22' title="bbox 140 2341 1032 2413; baseline -0.013 0"><span class='ocrx_word' id='word_1_131' title='bbox 140 2356 170 2413; x_wconf 84' lang='lat'><strong>1⁰</strong></span> <span class='ocrx_word' id='word_1_132' title='bbox 184 2352 291 2413; x_wconf 87' lang='lat' dir='ltr'><strong>AEram</strong></span> <span class='ocrx_word' id='word_1_133' title='bbox 305 2349 507 2411; x_wconf 86' lang='lat' dir='ltr'><strong>christianam</strong></span> <span class='ocrx_word' id='word_1_134' title='bbox 522 2364 578 2408; x_wconf 89' lang='lat' dir='ltr'><strong>seu</strong></span> <span class='ocrx_word' id='word_1_135' title='bbox 600 2344 724 2407; x_wconf 91' lang='lat' dir='ltr'><strong>initium</strong></span> <span class='ocrx_word' id='word_1_136' title='bbox 739 2343 823 2406; x_wconf 87' lang='lat' dir='ltr'><strong>unde</strong></span> <span class='ocrx_word' id='word_1_137' title='bbox 841 2342 981 2407; x_wconf 77' lang='lat' dir='ltr'><strong>Ecclesia</strong></span> <span class='ocrx_word' id='word_1_138' title='bbox 1000 2341 1032 2402; x_wconf 96' lang='lat' dir='ltr'><strong>in</strong></span> 
     </span>
     <span class='ocr_line' id='line_1_23' title="bbox 99 2446 586 2522; baseline -0.012 -13"><span class='ocrx_word' id='word_1_139' title='bbox 99 2446 289 2511; x_wconf 83' lang='lat' dir='ltr'><strong>kalendariis</strong></span> <span class='ocrx_word' id='word_1_140' title='bbox 302 2461 402 2506; x_wconf 88' lang='lat' dir='ltr'><strong>annos</strong></span> <span class='ocrx_word' id='word_1_141' title='bbox 416 2446 586 2522; x_wconf 86' lang='lat' dir='ltr'><strong>computet.</strong></span> 
     </span>
    </p>

    <p class='ocr_par' dir='ltr' id='par_1_9' title="bbox 101 2535 1032 2889">
     <span class='ocr_line' id='line_1_24' title="bbox 138 2535 1029 2615; baseline -0.011 -12"><span class='ocrx_word' id='word_1_142' title='bbox 138 2546 170 2603; x_wconf 76' lang='lat'><strong>2⁰</strong></span> <span class='ocrx_word' id='word_1_143' title='bbox 184 2542 256 2603; x_wconf 91' lang='lat' dir='ltr'><strong>Dies</strong></span> <span class='ocrx_word' id='word_1_144' title='bbox 269 2539 365 2603; x_wconf 87' lang='lat' dir='ltr'><strong>iestos</strong></span> <span class='ocrx_word' id='word_1_145' title='bbox 380 2536 555 2599; x_wconf 87' lang='lat' dir='ltr'><strong>ordinarios</strong></span> <span class='ocrx_word' id='word_1_146' title='bbox 569 2542 601 2597; x_wconf 86' lang='lat' dir='ltr'><strong>et</strong></span> <span class='ocrx_word' id='word_1_147' title='bbox 615 2535 792 2615; x_wconf 83' lang='lat' dir='ltr'><strong>periodicas</strong></span> <span class='ocrx_word' id='word_1_148' title='bbox 801 2536 889 2597; x_wconf 87' lang='lat' dir='ltr'><strong>intre</strong></span> <span class='ocrx_word' id='word_1_149' title='bbox 898 2550 1029 2609; x_wconf 91' lang='lat' dir='ltr'><strong>aunum,</strong></span> 
     </span>
     <span class='ocr_line' id='line_1_25' title="bbox 101 2625 1031 2716; baseline -0.013 -20"><span class='ocrx_word' id='word_1_150' title='bbox 101 2638 153 2716; x_wconf 86' lang='lat' dir='ltr'><strong>qui</strong></span> <span class='ocrx_word' id='word_1_151' title='bbox 176 2634 366 2699; x_wconf 87' lang='lat' dir='ltr'><strong>distribuunt</strong></span> <span class='ocrx_word' id='word_1_152' title='bbox 393 2631 461 2693; x_wconf 90' lang='lat' dir='ltr'><strong>dies</strong></span> <span class='ocrx_word' id='word_1_153' title='bbox 480 2630 676 2709; x_wconf 83' lang='lat' dir='ltr'><strong>singulorum</strong></span> <span class='ocrx_word' id='word_1_154' title='bbox 699 2645 854 2689; x_wconf 90' lang='lat' dir='ltr'><strong>annorum</strong></span> <span class='ocrx_word' id='word_1_155' title='bbox 877 2632 910 2687; x_wconf 91' lang='lat' dir='ltr'><strong>et</strong></span> <span class='ocrx_word' id='word_1_156' title='bbox 937 2625 1031 2687; x_wconf 84' lang='lat' dir='ltr'><strong>veluti</strong></span> 
     </span>
     <span class='ocr_line' id='line_1_26' title="bbox 102 2721 1032 2812; baseline -0.015 -18"><span class='ocrx_word' id='word_1_157' title='bbox 102 2738 256 2795; x_wconf 86' lang='lat' dir='ltr'><strong>texturam</strong></span> <span class='ocrx_word' id='word_1_158' title='bbox 288 2730 467 2812; x_wconf 78' lang='lat' dir='ltr'><strong>generalem</strong></span> <span class='ocrx_word' id='word_1_159' title='bbox 500 2728 665 2791; x_wconf 82' lang='lat' dir='ltr'><strong>efformant</strong></span> <span class='ocrx_word' id='word_1_160' title='bbox 697 2722 872 2785; x_wconf 86' lang='lat' dir='ltr'><strong>kalendarii</strong></span> <span class='ocrx_word' id='word_1_161' title='bbox 902 2721 1032 2801; x_wconf 81' lang='lat' dir='ltr'><strong>singulis</strong></span> 
     </span>
     <span class='ocr_line' id='line_1_27' title="bbox 102 2846 202 2889; baseline 0 0"><span class='ocrx_word' id='word_1_162' title='bbox 102 2846 202 2889; x_wconf 80' lang='lat' dir='ltr'><strong>aunis.</strong></span> 
     </span>
    </p>

    <p class='ocr_par' dir='ltr' id='par_1_10' title="bbox 140 2910 1032 3001">
     <span class='ocr_line' id='line_1_28' title="bbox 140 2910 1032 3001; baseline -0.018 -14"><span class='ocrx_word' id='word_1_163' title='bbox 140 2928 172 2987; x_wconf 85' lang='lat'><strong>3⁰</strong></span> <span class='ocrx_word' id='word_1_164' title='bbox 187 2924 259 2987; x_wconf 88' lang='lat' dir='ltr'><strong>Dies</strong></span> <span class='ocrx_word' id='word_1_165' title='bbox 272 2922 367 2985; x_wconf 82' lang='lat' dir='ltr'><strong>iectus</strong></span> <span class='ocrx_word' id='word_1_166' title='bbox 381 2938 444 2981; x_wconf 90' lang='lat' dir='ltr'><strong>non</strong></span> <span class='ocrx_word' id='word_1_167' title='bbox 464 2918 637 3001; x_wconf 88' lang='lat' dir='ltr'><strong>periodieos</strong></span> <span class='ocrx_word' id='word_1_168' title='bbox 657 2918 738 2979; x_wconf 91' lang='lat' dir='ltr'><strong>intra</strong></span> <span class='ocrx_word' id='word_1_169' title='bbox 760 2929 889 2989; x_wconf 87' lang='lat' dir='ltr'><strong>annum,</strong></span> <span class='ocrx_word' id='word_1_170' title='bbox 913 2910 969 2972; x_wconf 91' lang='lat' dir='ltr'><strong>sed</strong></span> <span class='ocrx_word' id='word_1_171' title='bbox 993 2911 1032 2971; x_wconf 92' lang='lat' dir='ltr'><strong>de</strong></span> 
     </span>
    </p>
   </div>
   <div class='ocr_carea' id='block_1_7' title="bbox 103 3006 1033 3097">
    <p class='ocr_par' dir='ltr' id='par_1_11' title="bbox 103 3006 1033 3097">
     <span class='ocr_line' id='line_1_29' title="bbox 103 3006 1033 3097; baseline -0.019 -13"><span class='ocrx_word' id='word_1_172' title='bbox 103 3040 184 3084; x_wconf 90' lang='lat' dir='ltr'><strong>anne</strong></span> <span class='ocrx_word' id='word_1_173' title='bbox 197 3021 230 3083; x_wconf 94' lang='lat' dir='ltr'><strong>in</strong></span> <span class='ocrx_word' id='word_1_174' title='bbox 246 3038 377 3095; x_wconf 90' lang='lat' dir='ltr'><strong>annum,</strong></span> <span class='ocrx_word' id='word_1_175' title='bbox 393 3019 445 3097; x_wconf 88' lang='lat' dir='ltr'><strong>qui</strong></span> <span class='ocrx_word' id='word_1_176' title='bbox 465 3016 551 3079; x_wconf 86' lang='lat' dir='ltr'><strong>iestis</strong></span> <span class='ocrx_word' id='word_1_177' title='bbox 575 3016 687 3077; x_wconf 89' lang='lat' dir='ltr'><strong>diebus</strong></span> <span class='ocrx_word' id='word_1_178' title='bbox 709 3009 873 3073; x_wconf 90' lang='lat' dir='ltr'><strong>ordinariis</strong></span> <span class='ocrx_word' id='word_1_179' title='bbox 896 3006 1033 3086; x_wconf 86' lang='lat' dir='ltr'><strong>perbelle</strong></span> 
     </span>
    </p>
   </div>
   <div class='ocr_carea' id='block_1_8' title="bbox 103 3105 1033 3277">
    <p class='ocr_par' dir='ltr' id='par_1_12' title="bbox 103 3105 1033 3277">
     <span class='ocr_line' id='line_1_30' title="bbox 103 3105 1033 3195; baseline -0.015 -13"><span class='ocrx_word' id='word_1_180' title='bbox 103 3123 328 3183; x_wconf 88' lang='lat' dir='ltr'><strong>connectuntur</strong></span> <span class='ocrx_word' id='word_1_181' title='bbox 342 3124 373 3181; x_wconf 89' lang='lat' dir='ltr'><strong>et</strong></span> <span class='ocrx_word' id='word_1_182' title='bbox 386 3118 446 3179; x_wconf 93' lang='lat' dir='ltr'><strong>illis</strong></span> <span class='ocrx_word' id='word_1_183' title='bbox 461 3116 617 3195; x_wconf 89' lang='lat' dir='ltr'><strong>conjuncti</strong></span> <span class='ocrx_word' id='word_1_184' title='bbox 632 3112 729 3177; x_wconf 84' lang='lat' dir='ltr'><strong>veluti</strong></span> <span class='ocrx_word' id='word_1_185' title='bbox 743 3111 837 3174; x_wconf 90' lang='lat' dir='ltr'><strong>telam</strong></span> <span class='ocrx_word' id='word_1_186' title='bbox 852 3105 1033 3189; x_wconf 87' lang='lat' dir='ltr'><strong>generalem</strong></span> 
     </span>
     <span class='ocr_line' id='line_1_31' title="bbox 104 3206 666 3277; baseline -0.016 -2"><span class='ocrx_word' id='word_1_187' title='bbox 104 3214 295 3277; x_wconf 87' lang='lat' dir='ltr'><strong>constituunt</strong></span> <span class='ocrx_word' id='word_1_188' title='bbox 309 3210 482 3275; x_wconf 88' lang='lat' dir='ltr'><strong>kalendarii</strong></span> <span class='ocrx_word' id='word_1_189' title='bbox 496 3206 666 3272; x_wconf 88' lang='lat' dir='ltr'><strong>christiani.</strong></span> 
     </span>
    </p>
   </div>
   <div class='ocr_carea' id='block_1_9' title="bbox 0 0 1246 4125">
    <p class='ocr_par' dir='ltr' id='par_1_13' title="bbox 0 0 1246 4125">
     <span class='ocr_line' id='line_1_32' title="bbox 0 0 1246 4125; baseline 0 0"><span class='ocrx_word' id='word_1_190' title='bbox 0 0 1246 4125; x_wconf 95' lang='lat' dir='ltr'><strong> </strong></span> 
     </span>
    </p>
   </div>
  </div>
 </body>
</html>
