2442 4125
216 325 275 386 236
424 329 652 378 msrlw'rlousss
670 329 755 374 roms
777 329 938 376 cuculos.

218 496 411 555 conoessum,
428 483 522 556 prout
534 476 566 537 in
580 474 713 554 eanua
724 475 796 554 lege
808 493 1003 538 conmanm
1024 478 1158 557 legimus

218 572 415 653 patriarchis.

257 670 361 731 'I'ertio
376 667 529 728 habemus
547 682 586 724 ex
604 663 718 725 eodem
736 682 765 724 c.
784 663 977 742 gandemus,
999 665 1093 743 qnod
1110 683 1158 742 pa·

215 783 328 845 ganas,
353 765 380 824 si
401 760 565 841 repudiata
587 778 647 820 sua
665 777 775 835 uxore,
798 758 839 818 ad
859 758 963 819 fidem
984 776 1157 820 conversus

217 863 311 922 aliam
326 859 459 934 duxerit,
483 874 555 918 cum
575 861 684 916 tamen
706 854 818 916 illaad
840 853 942 914 tidem
963 855 1069 916 etiarn
1088 874 1157 916 con-

215 975 308 1018 versa
322 955 469 1016 maritum
483 956 645 1031 sequatur,
661 950 860 1030 repudiatam
872 949 977 1010 talem
995 950 1034 1012 in
1051 952 1157 1012 infide-

215 1053 302 1113 litate
317 1067 446 1110 nxorem
467 1047 608 1127 recipere
628 1046 744 1106 debeat
761 1046 793 1106 in
811 1044 1015 1107 matrimonii
1036 1066 1156 1109 consor·

214 1153 290 1221 tem,
301 1144 378 1206 etab
389 1143 453 1219 illa,
464 1161 559 1222 quam
567 1146 639 1220 post
647 1140 845 1218 repudiatam
856 1139 1001 1216 primam
1013 1142 1154 1216 duxerat,

215 1242 375 1318 recedere,
391 1241 514 1304 etiamsi
535 1242 603 1302 haee
624 1239 792 1318 repudiata
810 1256 885 1300 cum
905 1239 973 1299 alio
990 1241 1067 1320 jam
1086 1261 1156 1303 eon·

214 1339 369 1414 traxisset,
396 1355 468 1397 cum
491 1335 575 1396 enim
598 1335 659 1397 hoc
681 1335 759 1413 legis
782 1333 988 1413 Evangelicae
1015 1344 1155 1416 tempore

213 1433 354 1496 libellum
368 1430 490 1511 repudii
506 1431 582 1492 dare
598 1430 673 1490 nulli
689 1448 728 1489 ex
744 1429 816 1508 lege
835 1429 947 1491 divina
966 1451 1154 1495 concessum

214 1532 264 1607 sit,
281 1531 510 1608 consequenter
531 1527 618 1588 nulla
637 1525 696 1588 fuit
715 1525 891 1604 repudiatio
912 1526 984 1603 illa,
1010 1530 1072 1589 sed
1092 1530 1154 1589 rin-

214 1628 319 1689 culum
352 1626 490 1705 legitime
525 1622 678 1685 contracti
705 1620 896 1684 matrimonii
924 1622 1153 1687 indissolutum

213 1721 429 1800 permanebat,
446 1737 521 1797 ergo
541 1719 566 1778 si
588 1719 629 1779 ad
649 1718 746 1778 tidem
767 1722 900 1796 utraque
921 1736 1001 1796 pars
1025 1740 1153 1784 conver-

213 1819 307 1892 tatur,
324 1815 364 1876 ad
378 1814 572 1890 seinvicem,
589 1818 625 1876 ut
639 1814 705 1875 veri
722 1812 874 1892 conjuges
892 1814 1004 1875 redire
1025 1817 1149 1890 debent,

212 1927 275 1972 non
302 1909 457 1986 obstante,
488 1907 572 1988 qnod
596 1908 630 1970 in
651 1909 835 1971 infidelitate
859 1908 923 1968 alia
946 1911 1151 1973 matrimonia

212 2005 434 2083 contraxerint,
460 2022 530 2084 quae
559 2003 599 2066 ob
627 2004 787 2065 vinculum
814 2003 928 2084 prioris
957 2005 1150 2069 matrimonii

212 2104 353 2166 noudum
367 2102 563 2177 dissolutum,
580 2101 668 2161 nulla
680 2101 818 2163 fuerunt.

251 2200 438 2262 Prohibetur
452 2197 579 2277 quidem
593 2215 613 2257 a
626 2197 772 2274 pontifice
794 2198 827 2257 in
845 2215 916 2276 cap.
938 2198 1028 2259 Deus
1048 2200 1103 2279 qui
1119 2203 1147 2273 9,

211 2293 242 2352 b.
258 2298 281 2354 t.
299 2297 333 2355 ut
343 2312 382 2353 ue
393 2295 471 2356 tales
482 2292 641 2369 deinceps,
655 2292 930 2370 postquamfldem
940 2293 1148 2357 christianam

210 2392 426 2461 susceperunt,
442 2386 502 2445 eibi
516 2384 789 2447 matrimonialiter
807 2386 1014 2463 copulentur;
1038 2388 1148 2467 quodsi

210 2479 316 2539 tamen
338 2477 371 2537 in
394 2477 579 2541 infidelitate
602 2480 708 2542 adbno
730 2480 823 2558 positi
845 2480 922 2543 talia
944 2483 1146 2544 matrimonia

209 2590 282 2635 cum
296 2573 412 2636 relictis
431 2574 563 2637 fratrum
585 2593 716 2636 suorum
735 2575 885 2637 uxoribus
906 2583 1142 2651 contraxerunt,

209 2687 271 2731 nou
286 2669 432 2747 prohibet
445 2669 515 2731 illos
529 2688 657 2732 manere
671 2672 704 2732 in
717 2689 775 2732 suo
789 2669 952 2751 conjugio,
970 2677 1002 2734 et
1016 2674 1078 2735 boc
1088 2672 1140 2745 uti,

119 2785 122 2791 ·
208 2763 233 2823 si
247 2766 353 2823 tamen
367 2763 479 2823 fratres
493 2762 539 2823 illi
553 2764 620 2823 siue
635 2764 724 2843 prole
738 2782 777 2824 ex
788 2764 843 2825 tali
854 2764 1143 2846 conjugedecesse-
1219 2797 1220 2844 3

209 2859 280 2934 rint,
296 2858 329 2919 id
344 2858 428 2936 quod
440 2856 531 2937 juxta
538 2858 643 2937 legem
650 2861 821 2921 mosaicam
829 2860 950 2940 antiqui
959 2862 1139 2923 testamenti

205 2956 223 3016 J
226 2955 325 3017 udaeis
334 2954 459 3031 licebat,
470 2954 510 3016 ad
521 2954 578 3015 bos
586 2955 682 3017 etiam
690 2956 878 3019 extendente
886 2957 1043 3021 Ecclesia.
1055 2981 1070 3016 u

561 3132 785 3177 APPENDIX.

442 3236 493 3269 SlVE
509 3236 561 3269 ΔΜ.
577 3240 614 3271 111.
630 3240 659 3272 n}
673 3239 902 3276 sucusmmluus.

247 3336 721 3401 l⁰Sacramentaliumuaturam
731 3346 762 3404 et
771 3342 893 3419 species
903 3344 1133 3421 expendemus;

244 3431 274 3485 2⁰
292 3428 420 3487 Illorum
437 3430 608 3506 juridicum
628 3439 744 3499 statum
764 3437 797 3498 iu
818 3438 1036 3503 ecclesiastiea
1054 3457 1136 3503 mcc-
1218 3485 1219 3526 ,

205 3521 311 3579 nomia
324 3519 614 3589 determinabimus.
1218 3529 1219 3548 l
