2442 4125
335 329 375 372 nn
396 305 526 375 omnar'o
545 329 628 375 rums
650 328 805 376 usnemun.
979 319 1037 380 313

99 473 226 537 Gbristo
238 471 441 552 regnantium
454 472 659 550 orationibus,
673 477 705 536 et
717 492 736 534 a
750 474 891 538 fidelium
906 475 1037 540 interra

98 568 303 632 militantium
321 568 478 648 suffragiis
487 568 594 648 jovari
616 577 758 651 possunt,
776 572 877 634 donno
897 574 1036 653 periente

96 666 227 745 purgati
239 665 281 726 ad
294 667 446 726 aetarnam
459 664 515 726 Dei
529 664 712 726 fruitionem
727 666 946 730 admittantur.

139 760 265 820 Mortua
277 762 386 818 autem
398 756 564 818 hominum
576 774 721 836 eorpora,
738 758 812 820 lieet
825 760 858 820 in
872 761 1035 840 pulverem

50 872 53 874 ·
99 857 132 915 et
152 857 271 914 terram
291 852 442 929 resoluta,
466 853 568 916 eredit
587 853 730 916 Ecclesia
753 857 959 934 omnipotenti
980 847 1035 919 Dei

96 950 226 1026 virtute,
242 949 378 1012 instante
393 949 504 1011 ultimo
519 954 551 1010 et
563 949 705 1030 generali
719 951 775 1012 Dei
785 950 906 1030 judicio
920 952 1035 1014 iterum

97 1044 306 1106 vivificanda:
323 1062 386 1124 quo
400 1045 483 1106 fanto
497 1063 554 1123 per
567 1048 701 1108 mortem
710 1046 856 1110 resolutae
871 1048 1035 1110 homiuum

98 1141 287 1218 hypostases
309 1139 426 1204 iterum
452 1141 659 1202 restituentur
687 1161 694 1202 ε
726 1142 840 1206 anima
865 1144 949 1206 enim
969 1144 1034 1207 suis

97 1235 284 1313 corporibus
297 1235 532 1315 conjungentur
541 1240 574 1298 at
582 1235 622 1296 do
632 1235 747 1300 anima
760 1237 862 1318 gloria
874 1240 925 1301 vel
939 1258 1034 1321 poena

95 1349 156 1409 pro
179 1349 237 1392 sua
257 1331 438 1394 uenditinne
460 1332 714 1412 participabunt,
735 1340 770 1396 ut
792 1334 873 1398 siout
901 1337 1032 1416 integra

95 1444 241 1506 persona
264 1426 323 1490 iuit
343 1418 508 1507 proprium
527 1428 676 1491 meritum
697 1433 753 1492 aut
773 1431 972 1509 demeritum,
988 1432 1033 1494 ita

96 1527 130 1585 at
142 1523 275 1604 integra
289 1542 434 1604 persona
448 1525 578 1603 propria
590 1526 647 1588 fiat
665 1529 720 1587 aut
740 1527 842 1606 gloria
854 1533 911 1588 aut
922 1544 1028 1605 poena.

138 1621 237 1680 Porro
251 1619 304 1697 pia
316 1620 417 1681 Mater
438 1620 589 1698 Eoolesia,
605 1637 676 1700 quaa
686 1666 688 1670 a
700 1637 826 1681 omnem
849 1638 959 1682 eurum
973 1621 1032 1682 im-

95 1713 208 1790 pendit
221 1719 257 1773 ut
269 1713 474 1775 sacramentis
483 1715 593 1776 fideles
601 1732 676 1776 suos
686 1713 791 1794 quoad
803 1713 923 1789 vivunt,
939 1730 1032 1774 sauo-

94 1806 206 1883 tifioet,
221 1805 254 1867 in
275 1806 336 1884 piis
357 1806 551 1868 orationibus
573 1806 744 1868 morientes
768 1804 907 1885 adjuvet,
929 1804 955 1866 si
977 1803 1030 1884 qui

95 1903 242 1982 sunt'qui
263 1902 359 1964 insui
383 1902 603 1965 commuuione
618 1905 650 1964 et
671 1919 750 1983 paoe
771 1901 958 1976 moriuntur,
975 1918 1032 1978 op-

94 1999 175 2063 timo
186 1997 258 2079 jure
276 2001 513 2078 praesumuntur
533 1998 566 2059 in
579 2001 664 2061 statu
687 1997 848 2058 eharitatis
868 1997 901 2056 in
923 1996 1031 2058 osculo

94 2097 185 2176 panis
198 2096 323 2157 Domini
343 2097 516 2170 decedere3
532 2095 664 2175 proinde
679 2111 742 2155 uon
761 2093 937 2159 intermittit
957 2110 1030 2153 suas

93 2208 190 2251 ouras
214 2190 425 2269 postillarum
445 2190 624 2265 transitum,
649 2187 704 2248 sed
728 2186 850 2263 funera,
868 2185 1027 2266 exequias,

93 2288 246 2367 suffragia
259 2290 351 2366 parat
369 2290 404 2347 ut
424 2284 581 2348 defunctis
603 2283 770 2346 animabus
790 2282 929 2345 tiliorum
958 2301 1031 2345 suo·

91 2398 167 2441 rum
180 2380 314 2458 gloriam
328 2378 498 2441 sollieitura
512 2382 661 2457 procuret
677 2396 683 2438 :
701 2376 839 2438 tumulos
854 2394 910 2437 seu
924 2375 1031 2456 sepul-

93 2492 151 2537 ora
164 2477 256 2553 parat
269 2476 443 2537 utiliorum
456 2491 592 2554 oorpnra
604 2472 773 2551 custodiat,
791 2492 861 2554 quae
877 2478 984 2553 sperat
997 2472 1030 2533 in
1050 2538 1055 2546 ,

93 2574 158 2632 fine
173 2571 283 2634 mundi
302 2572 344 2634 ad
356 2571 491 2651 gloriam
512 2589 580 2633 esse
598 2574 826 2633 resurrectura.
843 2571 927 2649 Ergo
943 2569 1029 2648 eapi-

92 2666 196 2729 tulum
211 2667 271 2729 hoo
285 2685 343 2729 sua
356 2674 469 2748 sponte
483 2667 643 2729 dividetur
655 2666 688 2727 iu
702 2665 782 2727 duos
796 2663 1026 2743 paragraphus.

371 2848 383 2895 fl
398 2840 419 2888 1.
433 2854 462 2888 nr
476 2853 583 2892 mouns
599 2852 752 2887 rouruorurr.

132 2948 473 3031 XV11.Itaquevixao
496 2954 621 3030 tempus
643 2950 785 3029 elapsum
806 2948 846 3011 sit
869 2942 1027 3009 sufficiens

90 3066 156 3127 quo
170 3048 212 3109 de
225 3065 303 3110 vera
323 3054 426 3109 morta
447 3048 570 3109 nullum
593 3046 726 3108 dubium
748 3062 815 3105 esse
840 3043 949 3123 possit,
965 3042 1028 3101 ins-

90 3144 209 3205 truitur
221 3143 370 3205 solemnis
380 3144 546 3207 eomitatus
561 3142 747 3204 elericorum
766 3142 807 3203 ad
823 3158 917 3220 quem
932 3138 1025 3199 hodie

91 3239 289 3309 advocantur
315 3240 411 3302 etiam
425 3240 521 3302 frates
535 3238 751 3302 Mendioantes
766 3240 798 3299 et
820 3234 1027 3297 confraterni·

90 3339 173 3398 tatas
186 3336 349 3414 laicorum,
366 3338 419 3417 qui
434 3337 556 3399 deferat
570 3336 707 3397 nadaver
721 3335 761 3396 ad
783 3328 958 3395 Eoolesiam
972 3333 1028 3395 ubi

90 3429 186 3491 debet
208 3429 368 3492 tumulari.
385 3432 465 3493 Huio
487 3448 612 3509 pompae
636 3428 773 3505 funebri,
797 3448 867 3508 quae
894 3429 933 3491 de
953 3429 1027 3508 jure

91 3521 218 3601 publioo
241 3523 474 3604 quodammodo
493 3527 541 3612 ast
567 3532 600 3588 et
621 3542 784 3606 nunquam
798 3526 967 3673 negligitgur
983 3524 1027 3603 (at

180 3635 245 3676 rou.
265 3637 296 3677 11.
906 3625 917 3675 t
