2442 4125
347 313 387 357 nn
408 310 536 358 corrono
556 311 639 357 sums
661 309 816 359 nonomen.
992 301 1046 361 341

117 463 200 523 duos
213 461 258 521 its
272 456 421 537 distingui
435 455 580 517 videatur
594 461 630 516 nt
642 472 739 534 penes
755 472 852 515 unum
875 455 962 517 fundi
977 475 1051 536 pro·

115 555 237 635 prietas
251 553 371 615 directa
384 556 557 627 remaneat,
574 550 666 611 alteri
679 550 854 629 proprietas
869 550 952 614 utilis
961 550 1049 613 fundi

117 646 311 726 acquiratur.
338 645 428 705 Prior
450 642 596 705 dominus
621 642 835 721 emphyteusis
859 643 972 705 dicitnr
996 644 1050 706 do·

115 744 222 805 minus
237 743 384 817 directus,
400 740 481 802 alter
494 740 639 802 dominus
654 738 747 809 utilis.

159 840 215 899 Est
227 843 333 899 antem
346 839 526 899 contractus
540 836 765 914 emphyteusis,
783 839 962 898 contractus
976 855 1051 899 con-

117 934 272 997 sensualis
295 950 356 1013 quo
381 933 455 995 utile
477 931 651 994 dominium
678 932 724 994 rei
751 932 919 995 immobilis
940 934 991 995 vel
1018 934 1050 995 in

115 1033 306 1111 perpetuum
332 1027 382 1089 vel
410 1027 451 1089 ad
478 1027 697 1106 longissimum
724 1031 847 1108 tempus
874 1048 932 1107 pro
964 1035 1049 1091 certo

20 1170 27 1175 -
117 1145 224 1191 annno
239 1144 359 1189 canone
372 1127 405 1187 in
419 1126 613 1205 agnitionem
636 1126 756 1189 domini
774 1129 953 1206 praestando
976 1146 1051 1190 oon-

117 1224 253 1287 ceditur.

159 1317 256 1378 Poma
285 1331 356 1375 cum
383 1332 440 1393 per
474 1314 656 1395 hujusmodi
690 1320 886 1380 contractum
921 1319 1051 1381 cedatur

116 1429 226 1473 rerum
240 1410 414 1472 dominium
428 1408 534 1488 aliquo
549 1410 655 1487 modo,
673 1414 706 1473 et
719 1412 770 1474 hic
784 1412 856 1475 iniri
871 1432 934 1475 non
947 1419 1052 1493 potest

117 1504 263 1567 debonis
277 1503 505 1578 ecclesiasticis,
522 1503 738 1583 nisilegitimis
748 1506 861 1581 causis,
878 1510 910 1567 et
919 1508 1056 1568 servatis

116 1599 368 1663 solemnitatibus
382 1598 414 1658 in
437 1598 626 1660 alienatione
647 1598 804 1659 bonorum
828 1600 1050 1662 ecclesiastico-

117 1711 191 1756 rum
204 1691 377 1768 servandis,
394 1692 477 1751 inter
501 1709 579 1769 quas
593 1690 752 1770 praecipne
770 1692 942 1756 attenditur
955 1692 1052 1753 bene-

117 1786 270 1867 placitum
295 1786 379 1847 sedis
402 1786 592 1865 apostolica,
617 1786 701 1866 qnod
725 1788 815 1849 facile
839 1804 947 1850 omnes
974 1788 1052 1851 alias

117 1882 334 1950 solemnitates
369 1883 518 1962 supponit
550 1883 600 1944 vel
639 1883 781 1971 includit.
815 1885 1052 1965 Beneplaoitum

117 1982 227 2042 autem
240 1977 446 2057 apostolicum
460 1977 540 2038 solet
562 1977 657 2039 etiam
680 1977 836 2056 praefinire
858 1978 1052 2040 conditiones

118 2082 153 2138 et
169 2077 262 2153 pacta
285 2074 399 2155 quibus
422 2076 601 2137 contractus
623 2074 780 2135 ineundus
804 2077 862 2147 est,
887 2093 987 2154 eaque
1011 2075 1052 2136 ad

117 2170 326 2234 substantiam
340 2172 371 2232 et
384 2169 520 2230 formam
533 2171 714 2231 contractus
727 2169 772 2231 ita
792 2169 952 2249 pertinent
970 2175 1004 2233 nt
1026 2170 1053 2232 si

117 2285 183 2329 non
198 2265 424 2342 custodiantur,
441 2267 620 2326 contractus
639 2266 718 2345 ipse,
738 2269 891 2345 tanquam
909 2285 972 2328 non
987 2285 1053 2333 ser.-

118 2369 194 2426 vata
214 2362 356 2442 legitima
377 2362 479 2422 torma
499 2359 642 2440 ejusdem
666 2361 868 2441 beneplaciti,
888 2363 960 2444 jure
983 2363 1052 2443 ipso

117 2476 185 2520 non
198 2457 358 2520 consistat.
375 2457 526 2535 Spectant
539 2474 615 2518 vero
630 2456 698 2520 haec
712 2458 926 2522 conditiones:

162 2557 192 2615 1⁰
206 2552 351 2615 Cononem
374 2552 415 2614 ub
438 2551 644 2632 emphyteuta
666 2553 796 2634 singulis
821 2555 911 2615 annis
933 2555 1054 2616 solven-

119 2651 208 2724 dum,
225 2648 280 2726 qui
291 2650 418 2708 tenatur
431 2647 552 2708 ratione
577 2647 686 2732 habita
708 2648 878 2724 fructuum,
902 2666 1053 2726 expensa-

119 2764 193 2808 rum
207 2745 239 2805 ct
252 2760 394 2805 onerum.
411 2745 446 2806 Si
459 2743 529 2823 quis
542 2744 627 2804 hunc
646 2761 801 2806 canonem
814 2762 871 2824 per
883 2744 1052 2806 trienninm

119 2841 154 2901 in
167 2838 366 2919 emphyteusi
382 2839 496 2916 laicali,
511 2840 562 2901 vel
576 2857 634 2917 per
653 2840 816 2901 biennium
836 2840 868 2900 in
891 2839 1052 2900 ecclesias-

118 2935 184 2996 tica
202 2951 264 2994 non
282 2933 421 3009 solverit,
433 2933 506 3012 jure
520 2950 577 2996 sno
593 2933 688 3008 cadit,
704 2933 778 2994 licet
799 2950 861 2994 non
880 2933 978 3011 possit
1000 2933 1052 2993 do-

120 3028 225 3088 minus
239 3028 376 3091 directus
390 3029 518 3108 propria
532 3029 717 3091 auctoritate
727 3024 1055 3107 possessionemfundi

121 3123 272 3202 arripere,
288 3125 344 3185 sed
359 3124 404 3184 uti
419 3124 512 3185 debet
523 3123 638 3203 judicis
652 3124 840 3198 ministerio;
859 3121 944 3185 etad
959 3123 1053 3202 aequi·

120 3221 220 3281 tatem
233 3220 417 3281 conceditur
423 3219 495 3300 jure
506 3221 656 3280 canonico
667 3219 879 3298 emphyteutas
890 3236 1053 3298 quousque

122 3333 142 3374 a
156 3314 253 3375 fundo
264 3315 405 3377 dimotus
419 3332 482 3376 non
497 3314 602 3389 luent,
614 3313 667 3393 jus
681 3313 837 3394 purgandi
856 3331 979 3375 moram
997 3333 1054 3394 per

122 3410 314 3473 ablationem
326 3411 597 3491 pensionisqnam
612 3409 775 3474 distulerat
785 3414 816 3474 et
826 3428 921 3490 qnam
930 3429 1054 3491 semper

122 3504 219 3567 debet
232 3523 395 3586 quousque
410 3505 527 3566 fundus
540 3523 603 3568 non
614 3507 732 3584 pereat.
