2442 4125
163 276 222 336 300
376 286 604 332 rusurrurronns
624 285 707 332 runis
729 286 885 333 onnonmr.

163 437 307 512 statuque
321 435 462 510 tempore
476 430 680 494 restituenda.
698 433 821 496 Institui
835 440 1001 514 coeperunt
1014 439 1108 502 eirea

163 527 463 591 mediumsaeouium
477 543 529 590 xv.
599 517 602 526 ’

202 625 290 688 Mens
303 623 505 686 institutionis
518 623 577 686 fuit
595 626 631 685 ut
644 630 864 688 ooourreretur
887 629 991 688 usuris
1019 649 1107 709 quas

162 742 317 805 pauperes
339 727 484 786 mutuum
512 724 654 801 petentes
681 741 739 802 pro
765 725 830 786 suis
856 727 1106 792 neoeesitetihus

163 822 405 884 foeneratoribus
420 821 540 883 solvere
555 821 761 901 cogebantur.

202 919 361 980 Adversus
383 916 466 978 bauo
480 917 708 980 institutionem
731 921 883 999 tanquam
904 922 1053 985 illicitam
1074 928 1107 988 et

161 1015 337 1076 usurariam
349 1014 552 1092 seripserunt
565 1012 704 1092 quidam.
723 1015 819 1077 Sedd
839 1018 1050 1080 Pontificibus
1071 1025 1105 1082 et

162 1107 336 1185 praeserdm
349 1107 369 1168 d
383 1109 487 1168 Leone
501 1109 540 1183 X,
555 1105 587 1166 in
601 1124 690 1168 oeno.
707 1111 809 1170 Later.
828 1111 854 1172 V
870 1113 901 1172 et
914 1129 934 1172 a
948 1113 1011 1173 ΡΡ.
1029 1114 1105 1174 Tri÷

161 1199 296 1260 dentinis
317 1216 394 1260 sess.
410 1203 449 1262 22
464 1199 503 1260 de
524 1200 652 1262 reform.
668 1219 696 1262 e.
712 1204 742 1278 8,
759 1202 892 1280 probata
913 1208 962 1267 est
976 1213 1010 1268 et
1023 1225 1102 1270 oon-

160 1293 295 1352 firmate.

199 1391 230 1447 2⁰
248 1383 373 1465 Species.
391 1386 451 1446 Pro
473 1386 655 1451 diversitate
676 1391 816 1468 pecuniae
841 1393 927 1455 unde
947 1401 1100 1461 constant

160 1485 192 1544 et
205 1499 276 1562 quae
290 1485 399 1544 mutuo
414 1481 518 1559 datur,
531 1485 562 1544 et
575 1501 633 1562 pro
649 1484 830 1549 diversitate
844 1489 932 1552 modi
946 1509 1011 1572 quo
1030 1511 1100 1556 mu-

159 1583 212 1641 tuo
227 1579 321 1640 datur
335 1583 366 1639 et
378 1577 563 1655 restituitur,
580 1578 828 1660 distinguuntur.

199 1676 231 1736 t⁰
244 1673 315 1735 Alia
335 1674 508 1738 consistunt
529 1675 562 1735 in
586 1679 750 1739 numerata
770 1680 919 1757 pedania,
939 1685 1099 1763 tanquam

159 1769 285 1849 publiea
299 1769 422 1845 aeraria,
441 1771 504 1832 alia
518 1771 550 1832 in
564 1773 689 1836 eumulo
704 1773 853 1838 frumenti
867 1779 1024 1859 tanquam
1037 1802 1098 1864 pu-

158 1864 242 1925 blica
256 1863 381 1925 horrea.

196 1965 229 2020 2⁰
242 1960 313 2022 Alia
325 1961 492 2039 peouniam
512 1967 545 2024 et
557 1963 751 2028 frumentum
760 1969 857 2048 gratis
872 1973 1002 2036 omuino
1019 1994 1096 2054 pau·

156 2056 285 2135 peribus
299 2056 491 2122 distribuunt
505 2058 584 2123 adeo
600 2065 635 2124 ut
645 2062 803 2127 debitores
817 2066 860 2127 nil
875 2068 959 2131 ultra
973 2080 1095 2138 sortem

155 2153 320 2215 restituere
333 2157 510 2218 teneantur.
527 2156 598 2218 Atia
620 2159 741 2236 speeies
769 2164 817 2223 est
837 2181 953 2227 eorum
961 2168 1024 2231 ubi
1036 2190 1093 2250 pe-

155 2249 248 2308 ounia
261 2249 311 2310 vel
320 2249 514 2314 trumentum
527 2270 565 2313 ex
579 2254 649 2333 iege
664 2254 861 2320 distribuitur
875 2264 910 2323 ut
924 2264 1011 2325 ultra
1024 2284 1092 2331 sor-

153 2344 218 2403 tem
230 2343 350 2421 aliquid
375 2346 461 2407 aliud
481 2348 617 2411 reddant
640 2351 808 2431 debitores
827 2373 884 2417 seu
903 2365 1090 2425 mutuatarii
1219 2428 1220 2437 2

152 2452 209 2515 pro
224 2435 439 2500 ministrorum
461 2442 639 2522 stipendiis,
657 2464 713 2524 pro
730 2447 846 2511 aedium
861 2452 1085 2535 eonduetione,

153 2534 185 2595 et
197 2548 253 2610 pro
268 2532 390 2596 oaeteris
407 2538 592 2601 necessariis
606 2542 782 2622 sumptibus
805 2545 941 2611 instituti
955 2568 1015 2615 seu
1028 2554 1084 2617 looi

152 2643 206 2705 pu.

191 2724 256 2786 vn.
272 2725 304 2785 3⁰
318 2722 409 2804 Leqes
423 2724 527 2807 quibos
544 2738 699 2808 reguntur.
716 2764 756 2778 -
778 2735 808 2793 1ο
827 2734 972 2800 Mutuum
991 2741 1083 2805 detur

150 2819 254 2881 solum
268 2838 368 2901 usque
383 2821 425 2883 ed
448 2826 567 2885 oertam
586 2827 795 2906 quantitatem
809 2835 921 2894 utnon
944 2834 1084 2918 loeuple-

147 2914 231 2977 tibus
245 2915 302 2977 sed
317 2917 425 2997 egenis
443 2918 604 2982 inserviat.
623 2922 714 2984 Unde
728 2924 755 2985 si
776 2928 901 3004 petatur
922 2929 1007 2995 ultre
1031 2935 1083 2997 de·

147 3011 348 3075 terminatam
362 3016 580 3094 quantitatem,
592 3020 771 3081 necessaria
782 3025 829 3085 est
839 3023 987 3106 Episoopi
1001 3029 1082 3109 ejus-

146 3122 206 3183 que
227 3110 383 3187 generaiis
404 3110 524 3189 vicarii,
541 3115 597 3175 aut
625 3114 754 3176 alterius
779 3118 833 3197 qui
850 3122 951 3185 monti
968 3132 1081 3203 praeest

143 3198 363 3285 licentiaque
378 3206 486 3269 danda
500 3212 626 3286 nonest
640 3210 694 3271 ubi
709 3212 784 3291 quid
800 3232 838 3277 ex
848 3234 886 3278 ea
900 3216 1079 3284 detrimenti

141 3293 262 3353 oaeteris
276 3299 469 3376 pauperibus
483 3301 582 3379 possit
597 3303 759 3369 obvenire.

178 3392 210 3447 2⁰
223 3388 402 3455 Mutuatarii
417 3396 491 3457 dare
506 3398 749 3481 debentpiguus
765 3403 908 3468 aMoutis
923 3407 1072 3473 ministris

134 3477 377 3571 'custodiendum
396 3503 454 3561 pro
473 3490 619 3555 oautione
645 3499 795 3561 mutuatae
817 3502 1068 3584 paeeuniae.1³ig-
