2442 4125
342 304 381 347 ns
402 302 530 351 estsere
550 304 633 349 sonus
655 304 811 351 asnorum.
987 296 1042 357 ¹53

105 448 282 511 adventum
295 446 431 509 evaserit
445 465 543 508 unum
561 465 598 507 ex
618 454 738 526 septem
756 449 834 530 legis
853 451 1042 531 evangeliea

104 547 343 607 sacramentum
357 560 377 604 a
391 543 513 606 Christo
528 545 660 606 Domino
674 547 786 607 Nostro
800 545 986 609 institutum.

147 641 223 701 Pius
237 640 318 715 VIII,
335 639 367 699 in
382 639 511 717 Enoyel.
529 638 665 700 Tradidit
677 639 839 703 humilitati
851 641 902 702 die
916 646 954 703 nt
969 644 1041 705 maii

104 739 197 811 1829,
209 734 294 795 idem
309 733 413 810 dooet,
425 733 510 813 quod
521 733 699 814 oonjnnetio
710 734 763 796 illa
772 754 843 817 quae
853 739 926 798 ante
940 738 1042 800 Ghris·

102 838 176 897 tum
189 830 332 893 instituta
350 831 408 893 fuit
426 831 466 891 ad
485 832 759 913 propagationem,
775 854 795 895 a
816 834 938 897 Christo
960 836 1044 900 lacta

104 933 158 991 est
171 932 415 990 saoramentum.

150 1025 278 1102 Gregor.
295 1023 375 1083 XVI.
391 1021 520 1099 ltnoyol.
537 1021 649 1083 Morari
661 1042 720 1100 nos,
737 1028 774 1085 ro
789 1042 862 1104 aug.
881 1028 969 1088 1832.

149 1117 223 1179 Pius
236 1118 289 1193 IX,
306 1117 339 1176 in
354 1117 541 1178 allocutione
556 1117 607 1178 die
622 1122 659 1179 Ἢ
675 1119 754 1180 febr.
774 1122 860 1181 1852.

149 1213 215 1272 Xll.
240 1210 399 1289 Quidquid
422 1210 464 1271 ad
487 1212 639 1272 aternam
663 1210 843 1275 felicitatem
863 1214 1042 1276 ordinatum

104 1311 167 1385 est,
185 1307 218 1368 id
234 1323 327 1368 omne
342 1306 424 1367 oivili
443 1306 621 1369 auctoritati
640 1307 862 1385 substractum,
884 1309 924 1371 ab
945 1310 1042 1371 eoele-

103 1403 235 1465 siastioa
266 1402 452 1464 auctoritate
480 1401 705 1481 independenter
732 1404 827 1467 debet
858 1404 1039 1476 moderari;

104 1500 197 1579 atqui
216 1498 378 1560 vineolam
392 1498 623 1564 matrimoniale
638 1499 881 1561 christianorum
900 1501 940 1561 ad
958 1500 1044 1562 ordi-

104 1612 183 1655 nem
197 1591 470 1672 supernaturalem
484 1592 641 1654 elevatum
657 1596 714 1654 est.
730 1595 826 1673 Ergo,
843 1598 903 1653 eto.

149 1687 243 1750 Proh.
259 1687 363 1748 minor
379 1707 385 1749 :
402 1688 567 1750 literatum
580 1692 629 1750 est
645 1689 685 1750 ad
701 1689 843 1751 ordinem
858 1695 1044 1767 supernatu-

106 1784 209 1846 ralem
229 1784 350 1844 ratione
370 1801 562 1862 personarum
584 1802 655 1863 quae
685 1787 894 1861 oonualrunt3
920 1788 1042 1848 ratione

105 1886 190 1939 anus
204 1895 266 1961 quo
276 1880 528 1941 contrahendum
538 1888 596 1943 est.
609 1881 742 1942 Ratione
751 1860 960 1959 personarum
970 1898 1042 1962 qnae
1148 1916 1160 1937 .

105 1974 309 2051 contrahunt,
325 1992 382 2055 pro
398 1975 512 2054 quihus
527 1975 605 2036 ordo
625 1976 753 2036 moralis
774 1994 793 2036 a
811 1977 1041 2054 supernaturali

106 2092 172 2135 non
187 2073 398 2153 distinguitur,
414 2075 470 2135 sed
485 2075 606 2136 ratione
628 2074 699 2134 finis
718 2074 759 2134 ad
779 2091 874 2153 quem
891 2082 965 2135 sunt
979 2075 1043 2136 ale-

104 2170 184 2246 vati,
200 2168 310 2229 ordine
324 2169 557 2248 supernaturali
573 2171 703 2232 effeetus
722 2171 1042 2249 supernaturaliratus

106 2269 166 2324 est.
183 2264 314 2325 Ratione
333 2271 421 2325 aetus
440 2284 502 2345 quo
521 2265 737 2339 contrahitur3
760 2284 833 2326 nam
862 2271 1042 2329 contractus

105 2361 353 2421 matrimoniales
373 2361 414 2421 ad
436 2363 625 2424 sacramenti
645 2361 831 2441 dignitatem
853 2366 980 2424 eventus
1001 2363 1041 2424 nd

106 2455 251 2517 ordinem
269 2456 542 2536 supernaturalem
558 2457 698 2519 elevatus
718 2461 775 2521 est.
793 2458 851 2520 Vel
865 2458 976 2521 saltem
991 2476 1043 2520 or-

106 2553 180 2614 dine
193 2554 426 2633 supernaturali
439 2554 587 2616 affectum
601 2561 659 2616 est.

147 2647 229 2720 Quid
265 2649 306 2709 ad
343 2650 413 2711 haeo
444 2649 636 2728 Regalistae?
667 2650 784 2710 lterum
821 2651 926 2710 omnia
962 2666 1041 2728 argu

106 2750 216 2806 menta
228 2749 393 2807 versantur
412 2746 444 2805 in
466 2745 544 2806 ialso
566 2746 738 2824 supposito.
755 2744 818 2824 Ipsi
841 2743 1042 2805 considerant

106 2840 250 2900 ordinem
264 2840 416 2900 moralem
425 2844 577 2920 tanquam
587 2841 663 2919 quid
674 2841 800 2902 realiter
810 2839 991 2900 distinctum
1001 2840 1041 2900 ab

106 2935 218 2997 ardiae
236 2935 484 3013 supernaturali,
507 2934 691 3014 religionem
710 2940 863 3014 tanquam
882 2932 956 3012 quid
978 2931 1042 2994 dis-

105 3033 240 3092 tinotum
255 3031 295 3092 ab
304 3031 442 3108 homine,
454 3031 599 3110 spiritum
608 3036 761 3110 tanquam
773 3029 849 3109 quid
860 3029 1041 3092 distinctum

104 3127 146 3187 ab
161 3125 300 3201 homine,
317 3128 352 3186 nt
370 3124 483 3187 darent
497 3125 715 3186 ecelesiastica
734 3124 881 3201 potestati
899 3123 1042 3203 plenissi-

105 3238 193 3281 mam
216 3217 438 3280 aueteritatem
460 3219 493 3278 in
515 3220 554 3279 iis
580 3235 651 3298 quae
676 3219 928 3298 supernaturalia
951 3224 1039 3294 sunt,

104 3334 177 3396 qnae
191 3315 234 3376 ad
248 3314 434 3392 religionem
448 3319 480 3374 et
493 3314 638 3395 spiritum
652 3313 820 3394 pertinent,
834 3333 929 3396 super
943 3315 1042 3376 homi-

103 3429 162 3472 nes
176 3410 300 3471 nullum
309 3409 363 3488 jus
376 3410 562 3471 tribuerent.

143 3511 264 3573 Verum
278 3506 355 3587 qnid
374 3512 421 3570 est
438 3507 541 3586 gratia
558 3505 626 3568 sine
643 3509 757 3570 natura
771 3509 861 3588 eujus
881 3507 1041 3586 objeotum

923 3603 952 3656 9*
