2442 4125
211 327 250 386 :u
419 343 649 391 rnsrrrurronus
671 341 753 390 rums
777 340 932 388 runcatur.

252 489 304 550 lll.
328 488 369 549 At
382 487 456 548 ticet
469 487 530 548 boo
544 487 704 548 communi
725 503 818 548 sensu
840 487 1011 568 recipiatur
1030 489 1150 570 (quoad

212 583 1150 663 suinrmiuistrumordinsriumhebemussynodi'l'rideutiuae

213 682 439 760 definitionem,
459 681 565 763 quoad
582 681 762 743 ministrum
783 681 1071 746 extraordinarium
1094 685 1151 746 lra-

213 782 324 844 bemus
337 782 456 843 tactum
470 781 507 840 lt.
520 781 569 855 Ρ.,
581 779 678 859 quod,
692 777 957 857 quemadmodum
965 779 1029 860 juri
1041 781 1149 843 divino

213 881 459 940 cousentaneum
473 878 531 952 est,
547 874 592 937 ita
605 873 780 936 definitioni
793 873 919 937 videtur
929 877 1147 955 aequivalere),
1208 869 1209 878 ’

213 977 401 1035 nontamen
423 973 612 1053 questiones
632 972 672 1033 dc
693 972 752 1032 bec
773 989 808 1032 re
824 970 1045 1051 concipienda
1068 974 1150 1034 inter

213 1065 391 1144 'theologos
405 1069 437 1127 et
449 1064 634 1127 Ganontstas
649 1069 822 1126 cessarunt.

254 1166 285 1223 l⁰
309 1162 472 1235 Quomodo
496 1163 580 1224 enim
603 1180 642 1222 es
666 1161 862 1240 delegatione
886 1161 1029 1223 minister
1054 1163 1148 1244 hujus

211 1260 402 1321 sacramenti
436 1258 655 1321 constituitur?
680 1291 721 1302 -
747 1261 779 1318 2⁰
808 1258 840 1320 Si
867 1258 1015 1338 delegare
1044 1264 1148 1339 potest

213 1373 355 1418 summus
365 1356 519 1431 Pontifex,
535 1373 633 1435 quere
648 1371 710 1416 non
721 1354 854 1432 simplex
864 1354 1031 1433 episcopus
1041 1355 1145 1436 quoad

213 1452 377 1514 dioeccsim
390 1452 502 1512 susm?

254 1549 360 1612 Prima
386 1548 506 1630 quarto
528 1547 629 1609 ardua
652 1550 709 1624 est,
734 1551 766 1610 ct
788 1548 827 1609 de
852 1564 890 1607 ea
912 1546 1031 1626 aliquid
1060 1548 1148 1610 innui

213 1648 246 1708 in
269 1649 405 1709 tractatu
428 1646 468 1707 de
491 1645 602 1708 ordine
625 1649 656 1705 et
676 1643 905 1725 jurisdictione.
930 1644 1041 1705 Ardua
1067 1651 1115 1709 est
1139 1667 1144 1708 :

214 1760 289 1804 uam
303 1741 485 1822 hujusmodi
498 1740 687 1800 sacramenti
701 1739 929 1802 administratio
944 1741 1051 1820 quoad
1072 1742 1147 1804 veli-

215 1840 346 1903 ditutem
360 1839 479 1900 nullam
493 1837 590 1916 exigit
600 1836 852 1917 jurisdictionem
862 1837 1046 1900 nantissime.
1060 1839 1147 1918 Epis·

215 1953 313 2016 copus
335 1936 429 2011 euim,
454 1933 528 1995 licet
550 1949 719 2012 suspensus
743 1936 774 1995 ct
795 1935 1100 2010 excommunicatae,
1123 1933 1145 1993 si

215 2031 380 2111 episcopus
404 2031 461 2105 est,
485 2027 589 2090 valide
614 2027 789 2090 confirmet.
814 2028 949 2090 Unicum
972 2031 1020 2090 est
1044 2045 1145 2091 sacra·

214 2129 357 2188 mentum
371 2123 455 2205 quod
477 2122 518 2184 ad
540 2121 679 2183 validam
699 2122 748 2181 sui
768 2120 966 2183 collationem
989 2122 1145 2184 desideret

212 2217 474 2297 jurisdictionem,
495 2220 528 2278 et
547 2219 594 2278 est
616 2214 809 2294 peonitentia,
834 2216 908 2295 quia
928 2216 1061 2295 requirit
1081 2232 1144 2276 sen-

215 2313 346 2373 teutiam
357 2311 474 2391 judicis
487 2330 494 2370 :
506 2315 621 2371 cratera
635 2326 692 2388 per
706 2308 835 2370 modum
844 2311 919 2371 doni
929 2310 1141 2372 conferuntur.

216 2407 280 2466 Nec
293 2405 381 2467 dicas
391 2403 643 2486 jurisdictionem
653 2422 763 2484 sapere
774 2405 1018 2485 adscriptionem
1028 2406 1143 2468 militia

215 2498 395 2561 christienae
426 2516 496 2579 quae
530 2516 588 2578 per
621 2499 681 2559 hoc
715 2503 947 2561 sacramentum
975 2500 1142 2581 elargitum

213 2595 318 2657 relide
333 2594 417 2657 enim
431 2612 494 2656 non
508 2594 698 2656 adscribitur
712 2594 830 2657 militia
845 2595 905 2656 nisi
920 2597 974 2676 qui
988 2596 1144 2675 deputatis

215 2708 324 2772 aroge
337 2692 487 2753 ministris
501 2691 540 2753 de
553 2690 638 2769 regis
652 2691 814 2752 voluntate
833 2691 1033 2753 adscribitur.
1057 2688 1143 2765 Quod

214 2789 298 2848 enim
312 2808 369 2868 per
383 2788 561 2868 analogiam
575 2786 707 2848 dicimus
723 2805 785 2848 non
806 2790 909 2866 potest
929 2789 1089 2868 prostrabi
1105 2784 1142 2847 ad

213 2882 420 2964 identitatem.

254 2978 431 3056 Adscriptio
446 2975 563 3037 militiae
578 2974 671 3051 civili,
690 2994 788 3055 quum
803 2992 865 3036 non
879 2976 1077 3055 compleatur
1090 2991 1142 3056 per

212 3077 320 3133 actum
334 3072 418 3152 quod
432 3069 472 3132 dc
485 3090 520 3133 re
534 3070 744 3133 substantiam
758 3072 879 3151 capiat,
896 3072 921 3132 si
938 3075 1048 3134 contra
1063 3070 1141 3151 regis
1206 3120 1207 3123 ,

213 3167 408 3228 voluntatem
428 3167 475 3244 fit,
501 3186 563 3229 nou
584 3170 708 3228 tantum
729 3167 847 3245 illicita,
872 3168 929 3228 sed
952 3170 983 3230 ct
1005 3166 1142 3231 invalida
1206 3162 1207 3257 ]

213 3266 271 3323 est.
1206 3276 1207 3287 ¹

253 3357 295 3417 At
308 3372 371 3415 non
384 3354 430 3415 its
449 3354 748 3433 incoufirmetioue,
772 3367 854 3435 que,
876 3360 971 3434 prout
989 3360 1080 3420 nctus
1095 3375 1142 3419 aa·

213 3447 424 3525 crementalis,
439 3448 479 3510 dc
494 3466 528 3511 se
549 3454 708 3529 operatur,
731 3450 804 3513 lieet
823 3453 932 3512 contra
950 3450 1141 3513 voluntatem

213 3544 453 3625 prepositorum
461 3546 609 3610 Ecclesiae
620 3545 865 3632 administretur.
875 3545 1139 3609 identicaratione
