2442 4125
195 347 253 406 all
407 352 635 400 ursrmunouss
655 349 738 398 runis
760 349 915 396 cruorum.

197 518 289 562 nemo
309 500 414 579 potest
434 495 478 556 illi
498 493 696 569 renuntiare,
719 492 793 554 licet
815 492 926 573 majori
945 493 997 554 vel
1019 492 1132 552 minori

196 594 394 655 solemnitate
409 588 590 669 peragatur)
603 586 748 667 paruulus
762 595 880 665 proeert.

236 692 292 751 Est
305 688 389 749 euim
400 685 561 766 quoddam
570 683 710 746 officium
718 687 859 761 puternae
871 682 1095 744 sollicitudinis
1103 684 1133 743 iu

198 785 352 861 Ecclesia,
376 786 408 844 et
427 781 480 842 ille
504 779 557 860 qui
581 780 765 841 defunctum
789 779 996 840 christianum
1025 780 1135 859 genuit

197 900 255 960 per
268 881 470 959 baptismum,
493 877 697 937 sacramentis
711 875 871 952 enutrivit,
887 875 970 936 illius
984 876 1136 953 spiritua-

198 978 261 1037 lem
274 993 383 1038 euram
397 974 494 1054 gessit
507 973 583 1034 dum
596 972 720 1048 viverit,
737 971 859 1051 adjuvit
872 973 1076 1048 morientem,
1087 972 1136 1032 ille

198 1074 265 1152 ipss
279 1073 347 1133 haee
360 1071 471 1132 ultima
485 1069 589 1131 officia
600 1069 754 1146 rependet
768 1069 800 1129 in
814 1073 989 1130 mortuum.

238 1168 296 1228 Hic
309 1168 415 1247 itaque
435 1165 603 1227 cadavere
625 1164 719 1225 domo
735 1165 885 1226 eductum
907 1183 993 1244 aque
1012 1165 1137 1226 lustrali

198 1263 333 1340 aspersit
360 1263 391 1322 et
413 1260 623 1338 psalmodiam
644 1260 783 1336 inchoet,
807 1265 839 1321 et
859 1260 925 1320 vias
946 1260 1062 1322 indicit
1083 1279 1139 1339 per

199 1373 277 1435 quos
292 1358 471 1433 asportetur
484 1356 632 1418 cadaver.
649 1357 696 1418 lta
709 1357 791 1418 iuter
805 1373 914 1417 cereos
937 1373 1096 1425 accensos
1111 1363 1140 1417 et

198 1453 280 1513 inter
294 1454 421 1513 cantum
434 1450 629 1530 psalmorum
643 1451 907 1531 poenitentialium
927 1452 1074 1514 defertur
1088 1470 1140 1513 ea·

199 1549 298 1611 daver
311 1548 353 1610 ad
365 1547 538 1610 Ecclesiam
552 1548 606 1608 ubi
622 1548 838 1627 sepeliendum
852 1547 903 1610 sit.

240 1647 314 1704 Haec
328 1661 419 1706 sacra
433 1643 622 1704 eaeremcnia
633 1643 742 1706 laetitia
756 1642 848 1705 simul
860 1646 890 1705 et
899 1644 1031 1707 tristitia
1040 1647 1138 1705 mixta

200 1742 248 1801 ast
264 1759 271 1799 ε
287 1740 396 1802 laetitiu
410 1742 450 1800 oh
471 1741 588 1820 dogma
610 1740 709 1801 felicis
729 1741 924 1818 aeternitatis
942 1759 1015 1820 quae
1031 1745 1138 1802 manet

201 1836 406 1911 christianos;
430 1837 556 1897 tristitie
584 1837 625 1898 oh
649 1837 783 1898 alterum
805 1838 922 1919 dogma
945 1838 1136 1917 purgatorii,

202 1933 286 2012 quod
307 1933 425 2012 pariter
439 1932 597 1993 ordinarie
619 1933 777 2013 loquendo
792 1939 900 1995 menet
921 1953 1035 1996 omnes
1049 1940 1138 1996 aute-

202 2029 348 2110 quemad
361 2030 485 2092 felicem
494 2030 703 2092 aeteruitatem
712 2031 928 2093 admittantur.
942 2031 990 2093 Ob
1001 2031 1137 2110 primam

201 2128 357 2190 rationem
377 2128 518 2189 Ecclesia
528 2127 753 2208 jamduduma
770 2128 879 2207 primis
899 2127 1026 2189 saeculis
1045 2129 1137 2189 inteu

201 2223 280 2286 dixit
302 2226 581 2304 ploratusluctus,
598 2224 729 2285 funerea
753 2224 895 2285 carmina
919 2226 1062 2304 aliusque
1078 2242 1137 2285 cae·

202 2321 358 2381 remouias
376 2339 528 2401 paganas,
545 2320 590 2380 eis
609 2320 769 2381 substituit
784 2324 912 2381 cantum
927 2320 1133 2397 psalmorum,

182 2409 185 2415 ’
202 2429 323 2473 coereos
337 2433 497 2492 accensos,
524 2419 584 2477 etc.
607 2416 811 2478 Monumenta
831 2416 941 2477 videas
957 2417 1045 2494 apud
1059 2418 1133 2475 Pou-

201 2506 278 2566 tium
292 2506 447 2588 (antiquit.
462 2508 552 2589 juris.
570 2511 666 2589 can.).

242 2604 289 2663 Ex
303 2603 363 2667 aliu
380 2606 498 2685 capitu,
515 2608 543 2668 si
565 2608 729 2669 demamus
745 2624 853 2667 casum
876 2622 1065 2685 puerorum,
1081 2602 1135 2683 qui

100 2759 102 2762 .
204 2700 373 2778 antequam
394 2701 525 2778 perdere
541 2702 662 2779 possint
678 2703 794 2761 statum
816 2699 1030 2778 bsptismatis,
1047 2698 1136 2758 dece-

205 2794 292 2872 dunt,
309 2813 443 2875 quorum
457 2813 626 2875 corporum
640 2796 773 2875 gestatio
788 2796 916 2856 omuino
931 2795 1076 2856 laetitiam
1089 2810 1138 2853 sa-

204 2892 259 2969 pit,
286 2893 424 2971 quodam
445 2893 532 2952 luctu
553 2892 714 2969 replentur
734 2891 911 2953 functiones
931 2890 1093 2951 lunerales
1106 2889 1137 2947 in

204 2979 344 3048 Ecclesia
360 3006 367 3047 ε
383 2986 531 3066 leguntur
544 2986 669 3064 psalmi,
686 2986 741 3047 sed
756 2984 1001 3065 poenitentiales
1020 2985 1074 3065 qui
1089 3000 1138 3044 ve·

205 3082 290 3143 uiam
307 3083 498 3160 implorent:
520 3083 644 3143 canitur
666 3083 723 3142 sed
743 3082 838 3143 flebili
860 3087 977 3155 cautu3
1003 3079 1138 3141 ministri

206 3180 286 3239 sacri
301 3183 452 3241 ornentur
466 3178 563 3258 nigris
578 3178 754 3240 amictibus

245 3277 389 3337 Delatum
410 3278 545 3339 cadaver
559 3277 599 3337 ud
614 3277 787 3337 Ecclesium
806 3276 864 3337 sub
883 3274 966 3335 illius
993 3274 1137 3354 ingressu

206 3369 319 3428 iterum
332 3372 454 3432 lustrali
466 3390 547 3451 aqua
558 3372 752 3451 aspergitur:
765 3372 838 3432 iude
853 3390 910 3451 per
920 3370 1137 3435 noctemciroa

206 3460 294 3517 illum
314 3463 455 3525 solebant
468 3468 594 3527 recitari
606 3468 720 3545 psalmi
735 3472 766 3529 et
785 3466 906 3545 hymni,
923 3468 1027 3528 donec
1047 3482 1136 3526 mane
1216 3544 1217 3549 ἵ

207 3556 395 3623 premortuo
404 3559 590 3619 sacrificium
600 3563 780 3637 offerretur,
792 3559 1135 3638 inlrucujusactionem
