2442 4125
186 273 246 334 280
393 283 624 332 rnsrrrnrronns
645 283 730 330 sums
753 282 909 329 cenorum.

186 431 322 496 cembris
335 432 383 493 est
395 430 501 492 littera
514 430 539 490 B
563 447 571 489 :
593 427 620 489 si
642 445 718 508 ergo
734 427 842 490 littera
856 429 1069 492 dominicalis
1083 434 1136 492 crit

186 532 225 605 A,
249 533 375 608 tempus
398 527 430 588 S.
454 524 616 587 Adventus
631 523 690 586 erit
713 525 1015 604 perbrevissimum,
1035 531 1070 589 et
1091 545 1136 588 er-

186 621 642 705 pletistribushebdomadibus
653 621 990 700 comprehensisintra
1000 629 1138 703 quatuor
1201 647 1202 658 ἢ

184 721 304 784 litteras
319 719 533 795 dominicales,
550 718 603 779 vix
615 717 740 778 initium
754 718 857 797 tangit
868 723 998 798 quartae
1016 720 1137 782 hebdo·
1202 730 1203 800 l

185 817 299 879 madae.
317 819 396 878 Nam
402 816 507 876 littere
519 815 543 874 B
557 813 740 874 immediate
754 814 901 893 sequitur
915 821 1079 895 quartam
1092 818 1138 878 lit·

184 916 285 974 teram
307 911 528 973 dominicalem
549 913 595 982 A,
621 927 678 969 seu
705 909 773 968 dies
797 908 987 972 Nativitatis
1009 911 1137 972 Domini
1203 946 1204 994 p

185 1006 319 1069 recurrit
331 1006 383 1066 die
395 1006 491 1081 lone,
507 1023 563 1066 sen
582 1003 662 1064 feria
684 1002 825 1065 secunda
844 1003 1047 1068 immediate
1073 1010 1139 1086 post

184 1106 376 1168 dominicam
390 1107 536 1185 quartam
550 1103 724 1164 Adventus.

224 1202 287 1263 Sed
301 1204 329 1262 si
341 1203 447 1264 littera
460 1199 656 1262 dominicalis
666 1215 857 1277 percurrens
872 1199 993 1261 ordine
1008 1202 1136 1263 inver'so

182 1295 232 1357 soi
244 1294 442 1373 retrogrado,
458 1295 619 1374 integrum
633 1293 849 1372 septenarium
863 1292 906 1353 ab
922 1295 953 1354 A
971 1294 1136 1356 redeatad

182 1391 217 1465 Β,
243 1389 304 1451 lroc
324 1392 450 1469 tempus
473 1391 494 1452 S
519 1391 682 1451 Adventus
701 1387 761 1449 erit
781 1386 1027 1467 longissimum.
1057 1393 1136 1451 Nam
1205 1387 1206 1408 ³

183 1500 258 1543 cum
270 1482 375 1545 littere
397 1483 594 1544 dominicalis
618 1480 774 1543 coincidet
794 1498 866 1542 cnm
879 1481 995 1544 littera
1016 1485 1084 1546 diei
1101 1487 1135 1544 25

182 1579 369 1657 decembris,
385 1580 421 1642 fit
435 1582 469 1640 nt
490 1578 648 1639 dominica
662 1577 841 1638 immediate
864 1595 1013 1658 sequens
1044 1599 1134 1661 qnar-
1206 1607 1207 1614 ¹

182 1682 249 1737 tam
263 1675 454 1736 dominicam
467 1675 642 1748 Adventus,
658 1691 715 1733 seu
730 1672 797 1734 dies
812 1674 1134 1738 NativitatisDomini

183 1789 238 1831 seo
253 1770 412 1830 dominice
425 1772 538 1848 quarte
551 1769 716 1830 Adventus
731 1767 827 1830 distet
840 1787 859 1830 a
873 1770 1060 1834 Nativitate
1076 1775 1133 1833 llo

182 1864 259 1927 mini
272 1862 374 1941 spatio
388 1863 521 1939 integra
535 1861 757 1924 bebdomada.

222 1961 285 2024 Sed
299 1967 414 2040 quarta
425 1958 531 2021 littera
544 1959 582 2034 A,
599 1957 801 2019 ascendendo
822 1977 843 2018 a
864 1956 916 2019 die
931 1963 973 2022 25
1002 1961 1130 2024 decem·

181 2061 248 2122 bris
258 2056 370 2122 incidit
390 2057 424 2117 in
440 2054 525 2117 diem
538 2056 589 2116 3¹¹¹*
604 2052 794 2129 decembris,
821 2056 938 2133 quarta
963 2054 1077 2141 littera
1094 2058 1128 2133 B,

181 2154 214 2212 in
228 2154 313 2214 diem
326 2157 363 2213 27
386 2151 583 2225 novembris;
609 2169 687 2231 ergo
711 2169 731 2211 a
755 2150 805 2212 die
820 2154 859 2211 27
884 2153 1076 2214 novembris
1090 2152 1129 2213 ad

182 2247 266 2307 diem
287 2252 338 2309 3²¹²
357 2248 544 2324 decembris,
564 2264 656 2308 sena
676 2245 835 2307 dominica
854 2264 926 2334 quae
948 2248 1038 2309 inter
1062 2248 1128 2309 hac

181 2344 244 2404 duo
266 2345 407 2404 extrema
424 2346 614 2422 continetur,
634 2343 745 2424 incipit
758 2362 849 2407 sacer
869 2334 1051 2424 Adventus,
1073 2345 1126 2407 ini-

180 2438 260 2501 tium
273 2437 347 2498 anni
362 2439 578 2503 ecclesiastici.

222 2535 300 2595 (lum
314 2536 421 2595 autem
434 2536 576 2597 medium
589 2535 673 2597 inter
686 2534 746 2596 hoc
762 2534 825 2596 duo
840 2538 989 2597 extrema
1007 2533 1122 2615 reperi·

181 2638 234 2695 tur
247 2630 498 2692 anniversarium
512 2632 549 2696 S..
562 2630 698 2692 Andreae
721 2631 805 2709 quod
820 2630 966 2693 Ecclesia
985 2631 1126 2694 celebrat

182 2728 234 2787 die
248 2729 288 2788 30
301 2726 492 2801 novembris,
509 2742 566 2803 pro
588 2726 700 2805 regula
719 2726 860 2805 practica
881 2727 1024 2789 traditur
1040 2726 1125 2807 quod

181 2822 340 2884 dominica
354 2821 427 2882 huic
449 2821 529 2882 festo
544 2821 729 2900 proximiori
751 2821 882 2901 incipiat
896 2841 1002 2885 annus
1024 2823 1126 2885 eccle-

182 2918 336 2980 siasticus.

429 3061 431 3065 .
449 3020 485 3065 11.
497 3020 529 3064 De
542 2997 649 3065 Pmcbate
661 3021 842 3067 Resurrectlnntr.

221 3121 344 3185 XXVll.
361 3119 469 3182 Altera
491 3118 674 3181 solemnitas
689 3138 759 3199 quae
785 3137 944 3181 summam
959 3120 1060 3182 hebet
1074 3138 1124 3181 re-

182 3214 331 3274 lationem
345 3233 418 3278 cum
432 3214 542 3275 ordine
566 3214 745 3275 kalendarii
759 3215 922 3277 christiani
943 3218 993 3298 est
1005 3214 1122 3277 festum

182 3304 341 3366 Paschalls
369 3308 636 3383 Resurrectionis3
662 3309 778 3389 quippe
802 3310 842 3371 ab
865 3326 902 3369 eo
923 3312 1081 3388 tanquam
1101 3327 1120 3368 a

182 3398 284 3473 primo
309 3402 427 3474 mobili,
443 3408 560 3464 catera
580 3404 660 3466 festa
684 3404 813 3466 mobilia
831 3404 1024 3484 dependent,
1047 3420 1117 3484 quea

183 3490 296 3547 ornent
309 3488 427 3548 cultum
441 3491 662 3558 christianum.
678 3497 741 3559 Sed
757 3496 850 3580 hujus
868 3497 1048 3563 festivitatis
1063 3497 1118 3558 de-
