2442 4125
183 215 225 304 88
394 252 624 299 lnsrlwrlonns
645 252 727 299 rums
749 251 905 299 ostiorum.

187 400 325 465 cuminis
340 398 450 462 oritur.
462 397 558 473 luris,
571 413 642 477 quse
657 414 695 457 ex
705 395 822 477 judicis
837 398 993 460 sententia
1006 400 1122 479 oritur,

187 517 251 580 qua
264 497 334 578 quis
347 513 421 557 reus
436 494 625 569 declaratur,
643 496 674 555 et
688 494 858 555 damnatur
872 494 1005 575 alicujus
1020 498 1126 559 crimi-

187 590 236 653 nis
249 590 299 653 cui
313 590 354 651 ab
367 589 436 669 ipse
449 588 519 668 lege
533 587 670 649 infamise
686 592 761 649 nota
782 587 886 649 inusta
907 588 957 649 sit.
974 590 1013 649 ln
1027 590 1126 653 delic-

187 689 226 749 tis
240 688 333 767 primi
345 685 471 767 generis
490 683 594 763 potius
608 701 666 744 esse
678 682 787 761 delicti,
803 684 836 743 in
850 684 919 745 aliis
934 686 1042 764 potius
1056 707 1127 749 roo-

186 801 304 863 sequens
325 782 450 863 infamia
470 780 646 859 respicitur,
663 781 695 840 et
708 779 840 858 proinde
863 799 901 840 ex
923 780 983 843 lrac
1005 785 1125 861 pendet

186 879 410 961 irregularitas.

226 977 276 1039 lll.
295 973 430 1054 Defectus
444 973 497 1053 qui
511 973 775 1053 irregularitatem
789 973 918 1052 pariunt
931 980 1006 1035 sunt
1022 976 1126 1038 defee

186 1076 238 1136 tus
251 1069 383 1149 alicujus
404 1070 562 1149 qualitatis
576 1070 628 1131 vel
642 1069 781 1148 physicae
801 1070 851 1131 vel
866 1070 995 1131 moralis
1020 1075 1125 1152 requi-

137 1188 140 1193 ·
188 1168 254 1230 sitae
275 1167 317 1228 ad
339 1166 489 1229 decorum
511 1182 679 1227 munerum
700 1164 984 1228 ecclesiasticorum
1006 1170 1125 1231 exerei-

186 1268 292 1340 tuum‚
308 1262 358 1324 vel
379 1262 421 1323 ad
442 1261 589 1323 decorem
612 1260 732 1322 ordinis
754 1261 805 1322 vel
829 1264 925 1323 caetus
949 1262 1124 1341 clericalis,

188 1366 342 1443 qnatenus
356 1362 397 1423 ad
411 1379 573 1423 sacrorum
588 1361 689 1421 decus·
698 1359 829 1421 confert.

227 1455 351 1538 Ptyaici
362 1456 505 1518 delectus
519 1455 760 1519 considerantur
774 1473 813 1515 ex
826 1458 915 1535 perte
929 1456 1031 1517 animi
1041 1461 1075 1521 et
1089 1478 1125 1520 ex
1217 1466 1218 1485 ¹

187 1558 276 1637 parte
291 1554 441 1635 corporis.

226 1652 272 1712 llx
290 1657 380 1731 parte
401 1649 495 1711 animi
512 1648 616 1728 quoad
639 1647 822 1710 exercitium
836 1650 868 1709 et
881 1665 975 1709 usum
995 1648 1125 1711 illarum

186 1745 372 1809 facultatum
392 1744 458 1805 sine
480 1744 594 1823 quibus
613 1761 704 1805 secra
724 1742 897 1806 ministeria
918 1757 981 1804 non
1001 1746 1125 1823 possint
1218 1762 1219 1815 1

187 1839 361 1919 adimpleri.
385 1841 432 1900 lta
452 1857 491 1899 ex
510 1838 634 1901 defectu
661 1857 737 1901 usus
758 1839 889 1901 rationis
916 1844 1126 1905 removentur

185 1936 331 2014 infantes,
349 1935 525 2020 clementes,¹
537 1934 657 2013 furiosi,
675 1936 891 2017 energumeni.

226 2032 272 2094 Ex
292 2035 381 2113 perte
403 2029 534 2111 corporis
556 2029 738 2112 irregularis
766 2030 881 2094 dicitur
902 2029 955 2110 qui
980 2033 1127 2110 corporis
1219 2054 1220 2066 ¹

186 2130 352 2194 affectione
369 2129 504 2207 laboret,
522 2146 585 2210 que
598 2146 638 2188 ne
653 2120 798 2189 in'sacris
813 2125 923 2189 officiis
944 2126 1080 2189 honeste
1097 2133 1129 2191 et

187 2226 300 2288 decore
315 2226 472 2289 ministret
484 2225 686 2304 impediatur.
699 2223 831 2286 Difficile
846 2225 940 2286 certae
951 2222 1013 2283 fuit
1023 2223 1128 2285 sacris

187 2322 359 2384 canonibus
380 2323 519 2400 singulas
540 2323 672 2384 definire
693 2322 830 2401 species,
853 2321 966 2401 quibus
986 2321 1131 2399 impedi-

187 2419 293 2477 menta
307 2415 504 2495 singulorum
517 2418 665 2479 ordinum
680 2421 711 2479 ct
725 2416 902 2478 officiorum
915 2415 1131 2494 designaren-

186 2518 249 2591 tur,
265 2513 471 2592 quamchrem
485 2514 584 2577 verba
597 2531 755 2576 canonum
769 2512 931 2593 generalia
949 2514 1033 2589 sunt,
1051 2513 1132 2592 qui-

186 2611 245 2672 bus
270 2626 400 2690 corpore
425 2610 531 2694 uitiati·
545 2611 585 2672 ab
604 2608 768 2672 ordinibus
793 2608 1000 2670 excludantur
1020 2607 1064 2687 (c.
1092 2627 1127 2686 v,

187 2708 288 2782 d.33;
306 2723 374 2785 c.1‚
392 2706 494 2781 d.36;
512 2725 539 2768 ο.
557 2724 580 2785 1,
598 2724 646 2784 111,
664 2705 776 2786 (1.55).

225 2806 342 2868 Verum
356 2805 438 2866 hanc
451 2803 744 2882 interpretationem
758 2800 925 2882 recipiunt,
938 2818 977 2860 ns
993 2799 1064 2879 quis
1081 2803 1130 2864 ad

186 2899 415 2961 ordinationem
428 2896 478 2960 vel
494 2897 640 2959 ordinum
659 2895 842 2958 exercitium
859 2891 1047 2954 admittetur
1065 2894 1130 2973 qui

185 2995 248 3056 tale
257 2996 368 3056 vitium
382 2994 511 3066 habeat,
523 2995 558 3055 ot
567 3009 631 3052 non
640 2992 749 3071 possit,
761 2989 812 3052 vel
822 2990 934 3051 saltem
947 3006 1011 3050 non
1026 2987 1129 3052 facile

186 3095 302 3150 etcum
317 3089 442 3164 decore,
457 3107 549 3151 sacra
567 3085 669 3149 officie
686 3103 842 3148 exercere.
860 3085 1062 3147 Gohaerenter
1080 3085 1129 3146 ad

186 3185 246 3245 hoc
255 3184 443 3267 principium
458 3186 550 3263 plura
558 3184 590 3245 in
601 3182 791 3264 specialibus
806 3182 929 3244 casibus
944 3198 1128 3260 peresuros

185 3295 323 3340 oenones
337 3277 467 3340 definita
480 3285 562 3344 sunt.

225 3374 393 3436 Definitum
414 3375 680 3455 deprehendimus
705 3376 913 3457 irregularem
934 3391 1002 3436 esse
1023 3374 1124 3436 oculo

185 3471 340 3551 orbatum,
356 3473 407 3535 vel
421 3474 476 3552 qui
489 3474 645 3537 maculam
664 3493 794 3554 gravem
807 3474 840 3535 in
855 3473 945 3536 oculo
961 3471 1123 3534 contraxit
