2442 4125
322 388 359 431 nn
381 387 509 433 currere
529 387 613 434 rnnrs
634 389 789 435 cononici.
963 379 1020 440 l83

64 537 196 597 votum
211 533 350 594 solemne
365 549 431 610 prae
445 538 518 593 veto
538 533 672 612 simplici
692 534 861 612 castitatis,
878 553 951 598 corn
965 555 1019 598 na·

66 637 158 694 ture
173 647 231 690 sua
245 647 308 690 non
326 627 483 704 different,
499 632 553 690 aut
575 629 687 690 saltem
702 648 765 692 nou
779 631 946 693 videantur
958 633 1020 694 dif-

67 730 179 805 ferre,
197 734 229 788 et
242 731 411 806 utrumque
426 727 569 788 similiter
582 728 723 809 obligare
738 730 823 808 apud
837 733 948 793 Deum.

122 823 186 886 Alii
201 824 233 883 in
247 823 324 884 alias
338 821 444 884 abiere
460 825 649 885 sententias:

122 925 155 981 1⁰
172 919 319 981 Nonnulli
342 922 492 996 putarunt
510 919 585 1000 quia
599 919 701 1000 major
719 924 768 983 est
785 921 971 983 deliberatio
985 923 1017 983 in

66 1024 157 1083 voto
172 1019 313 1096 solemni,
331 1036 425 1098 quam
440 1037 502 1080 non
518 1019 558 1080 sit
572 1019 603 1079 in
619 1023 693 1081 voto
707 1019 852 1098 simplici.
870 1020 932 1082 Sed
947 1021 1017 1082 hec

67 1116 129 1174 est
148 1129 238 1172 mera
258 1111 477 1191 praesumpti03
494 1111 550 1172 sed
565 1112 693 1173 realiter
714 1113 885 1192 aliquando
906 1119 1018 1177 contra

69 1207 210 1269 accidit.

119 1306 155 1362 2⁰
176 1300 237 1361 Alii
255 1300 401 1363 dixerunt
418 1300 450 1361 in
469 1305 543 1362 voto
562 1299 696 1378 simplici
714 1319 782 1362 esse
803 1320 923 1364 meram
945 1323 1017 1382 pro-

69 1393 266 1456 missionem
284 1393 546 1471 personalem31n
564 1397 639 1456 voto
658 1398 765 1457 antem
784 1397 917 1458 solemni
934 1417 1017 1478 prae-

69 1496 172 1553 terea
190 1488 258 1550 fieri
273 1489 444 1569 quamdam
457 1490 659 1552 traditionem
672 1493 880 1570 corporalem,
898 1498 931 1556 et
943 1514 1017 1573 per-

70 1604 161 1650 sona
184 1584 418 1665 quodammodo
440 1586 556 1649 saeculo
590 1588 744 1650 moriatur
765 1588 798 1647 in
822 1589 1015 1666 professione

70 1683 248 1762 religiosa,
269 1679 320 1740 vel
348 1680 387 1742 de
407 1682 540 1761 profana
567 1683 624 1744 flat
649 1700 742 1744 saera
763 1683 796 1743 in
817 1684 1015 1748 ordinatione

72 1776 238 1860 (Berardi,
255 1777 276 1836 l.
294 1775 373 1854 cit).

117 1879 152 1937 3ο
175 1873 344 1934 Berardius
363 1873 449 1953 ipse,
473 1873 549 1934 dum
570 1876 722 1954 reprobat
744 1876 802 1936 has
822 1877 1013 1954 sententias,

73 1973 177 2035 aliam
187 1969 344 2049 excogitat
352 1969 450 2044 viam;
467 1970 624 2046 videlicet,
636 1971 798 2049 praemisso
810 1973 895 2051 quod
905 1978 1013 2034 votum

74 2072 194 2148 suapte
207 2070 322 2128 natura
331 2083 393 2127 non
404 2064 529 2128 dinmat
543 2066 791 2142 matrimonium,
807 2068 882 2145 quia
894 2068 927 2127 in
941 2086 1014 2129 con-

74 2184 177 2228 cursu
192 2163 327 2223 duarum
341 2162 518 2223 divinarum
532 2164 650 2241 legum,
663 2178 799 2240 quarum
810 2162 910 2223 altera
918 2180 1016 2241 geue-

73 2263 190 2324 raliter
216 2259 311 2338 exigit
338 2260 401 2319 voti
430 2257 726 2337 adimplemcntum,
750 2257 813 2318 alia
837 2258 1016 2338 specialiter

74 2355 272 2421 matrimonii
292 2352 504 2431 stabilitatem,
520 2354 574 2414 illa
588 2372 645 2432 pro
659 2354 743 2415 bono
763 2354 929 2433 individui,
946 2356 1015 2417 haee

74 2474 137 2535 pro
153 2455 237 2516 bono
255 2450 445 2512 familiarum
460 2455 491 2512 et
505 2452 600 2513 totius
621 2451 790 2528 societatis,
807 2454 1016 2515 conciliantur

77 2553 235 2631 quantum
252 2550 397 2628 possunt;
415 2547 470 2609 sed
488 2547 520 2607 in
541 2553 695 2628 quantum
717 2550 923 2628 colliduntur,
945 2552 1014 2612 haec

78 2646 126 2706 illi
144 2641 349 2705 anteferenda
367 2645 428 2715 est;
445 2644 624 2720 praemisso,
642 2644 783 2722 inquam,
800 2644 885 2722 quod
904 2648 1013 2703 votum

78 2739 281 2803 continentiae
295 2741 406 2815 suapte
420 2745 533 2799 natura
547 2757 610 2799 non
625 2739 752 2799 dirimat
765 2739 1010 2813 matrimonium,

78 2836 157 2897 dicit
169 2841 279 2895 votum
293 2834 432 2895 solemne
445 2835 517 2895 ideo
533 2834 691 2910 dirimere,
705 2834 778 2915 quia
787 2834 837 2894 lex
851 2831 1010 2908 Ecclesiae,

79 2933 112 2993 in
127 2950 165 2993 eo
180 2931 405 3012 impedimento
420 2932 567 3011 apposuit
580 2931 752 2992 clausulam
767 2930 952 2991 irritantem.

121 3030 162 3090 At
175 3033 389 3107 praeterquam
404 3026 489 3107 quod
504 3027 584 3089 ratio
600 3027 640 3087 ab
653 3045 691 3088 eo
704 3028 841 3105 allegata
854 3028 889 3085 ut
902 3024 1013 3103 probet

79 3128 190 3186 votum
222 3128 333 3201 suapte
361 3126 476 3183 natura
503 3140 566 3183 non
594 3122 741 3183 dirimere
764 3119 1009 3197 matrimonium,

80 3218 207 3280 videtur
227 3236 405 3296 supponere
428 3218 512 3297 quod
537 3218 636 3278 estin
659 3217 841 3295 quastione,
867 3215 1013 3277 videlicet

81 3314 166 3393 quod
181 3314 279 3375 robur
288 3314 477 3376 matrimonii
488 3319 560 3392 post
568 3317 677 3375 votum
687 3312 840 3374 contracti
851 3311 1009 3386 subsistat,

80 3410 196 3471 deinde
218 3428 280 3471 uon
303 3410 396 3471 solvit
418 3410 627 3489 quaestionem
650 3413 790 3470 nostram
811 3428 818 3469 :
842 3408 1011 3487 quaerimus

81 3507 164 3565 enim
178 3522 318 3578 censam,
337 3524 435 3585 quara
449 3509 537 3567 tanta
550 3505 584 3566 in
597 3509 670 3567 voto
685 3506 817 3567 solemni
832 3504 1011 3565 adinvenie-

81 3605 130 3665 tur
145 3604 192 3666 vis
207 3620 245 3663 ex
259 3603 329 3681 lege
339 3600 498 3677 Ecclesia,
512 3620 581 3679 quae
593 3620 655 3663 non
666 3602 883 3662 consideratur
896 3600 927 3657 in
937 3601 1010 3659 voto
