2442 4125
324 351 363 395 nn
384 350 513 398 orrrcrc
533 351 617 398 suris
638 351 796 400 annosior.
966 341 1024 402 23

62 503 188 573 certa,
206 500 236 556 et
250 495 425 557 communis
446 495 601 558 sententia
619 495 725 572 habet,
744 495 837 576 juxta
854 497 926 560 tan.
949 499 1026 559 Nul-

60 594 123 652 lus
141 596 179 652 2.
201 609 285 652 caus.
302 593 352 651 30.
370 608 400 670 q.
416 593 447 651 5.
465 594 497 653 et
511 608 537 651 c.
554 607 588 652 11.
607 592 639 651 h.
651 595 675 652 t.
688 593 959 655 et'lrident.sess.
971 597 1022 656 24.

64 707 98 748 e.
119 705 147 748 1.
170 689 219 746 De
233 685 394 746 reformat.
412 685 511 746 Hodie
530 689 638 746 tameo
656 689 728 764 post
748 687 860 748 concil.
880 686 1021 749 'trident

62 782 88 842 l.
125 799 161 842 c.
199 788 272 840 sunt
297 779 452 856 invalida,
482 780 508 840 si
537 781 629 843 aliter
655 775 752 860 quam
782 785 940 858 praesente
967 799 1025 860 pa-

65 878 184 940 rocho
202 878 358 958 (quamvis
381 877 429 938 his
453 879 601 940 sacerdos
615 896 679 939 non
693 879 745 954 sit,
761 877 856 938 modo
870 880 912 939 sit
929 880 1025 941 alter-

69 975 191 1036 utrius
207 973 314 1052 sponsi
329 973 511 1051 parochus),
534 975 584 1034 vel
599 973 661 1034 alio
675 974 840 1036 sacerdote
862 973 903 1034 de
925 974 1025 1054 ipsius

66 1069 229 1148 parochi,
246 1087 301 1129 seu
316 1069 465 1130 ordinarii
479 1069 617 1144 licentia,
634 1087 673 1129 ac
691 1056 826 1144 dachus,
849 1070 900 1130 vel
921 1071 1022 1132 trihus

67 1165 221 1226 testibus
235 1163 355 1243 (quales
368 1164 414 1224 illi
428 1163 500 1238 sint,
517 1163 612 1226 modo
627 1163 795 1224 advertant
807 1164 884 1242 quid
897 1163 1023 1245 agatur)

69 1259 288 1336 contrahant,
300 1258 342 1318 ad
351 1258 488 1337 plurime
498 1258 618 1319 scilicet
626 1258 814 1337 gravissima
823 1260 1024 1322 incommoda

68 1352 307 1430 praecavenda,
332 1352 536 1413 invalidente.
559 1351 701 1412 Ecclesia
722 1351 923 1416 matrimonia
944 1356 1022 1416 talia

71 1448 293 1525 clandestina,
310 1464 374 1507 non
388 1447 516 1527 quidem
531 1457 589 1525 per
602 1465 648 1524 se,
660 1447 819 1510 etdirecte
828 1451 1022 1513 annullando

71 1549 332 1621 sacramentum,
345 1542 428 1622 quod
445 1543 476 1603 in
487 1544 636 1604 Ecclesia
650 1547 807 1621 potestate
820 1562 884 1605 non
894 1551 953 1620 est,
964 1545 1021 1606 sed

72 1640 240 1700 indirecte
253 1643 387 1715 tantum,
405 1643 437 1701 et
450 1657 507 1717 per
520 1639 679 1714 accidens,
696 1638 888 1701 annullando
902 1639 1023 1702 scilicet

73 1737 283 1796 contractum
302 1732 435 1809 civilem,
460 1737 492 1796 et
513 1735 688 1795 humanum
708 1733 891 1796 immediate
912 1738 945 1796 et
964 1753 1022 1814 per

75 1846 282 1909 consequens
296 1828 419 1890 irritum
434 1829 530 1890 etiam
544 1828 690 1892 faciendo
703 1836 949 1892 sacramentum.

116 1929 199 2000 Quae
229 1928 361 1990 irritatio
389 1928 658 1990 clandestinorum
684 1928 791 1990 taliter
815 1932 1019 2007 acceptorum

77 2022 358 2085 matrimoniorum
378 2023 457 2085 adeo
480 2027 566 2086 certa
588 2031 646 2098 est,
669 2028 705 2083 ut
726 2022 759 2083 in
780 2023 938 2101 Ecclesiis,
962 2025 1016 2087 uhi

76 2122 320 2199 promulgatum
339 2119 502 2181 decretum
521 2118 599 2179 illud
625 2116 800 2180 'tridentini
823 2117 902 2195 tuit,
923 2119 1019 2181 etiam

77 2215 133 2292 illi,
152 2216 213 2296 qui
226 2215 388 2275 decretum
404 2214 464 2275 hoc
478 2213 702 2275 invincibiliter
715 2213 873 2292 ignorant,
893 2214 1021 2276 nulliter
1085 2234 1089 2241 ·

77 2311 277 2374 clandestine
291 2312 490 2388 contrahant,
507 2306 583 2390 quia
596 2313 648 2373 lex
666 2312 792 2373 irritans
814 2312 909 2375 etiam
926 2314 1018 2392 igno·

80 2410 187 2470 rantes
204 2408 360 2469 inordina
375 2408 415 2469 ed
430 2408 608 2470 nullitatem
626 2412 716 2470 actus
735 2409 875 2490 obligare
893 2416 1016 2490 potest;

80 2503 125 2563 uti
140 2510 173 2564 et
187 2504 244 2581 qui
257 2504 349 2580 olam,
366 2507 421 2566 aut
435 2509 590 2584 praesente
605 2504 734 2584 quidem
753 2506 873 2587 majore
895 2507 1018 2568 vicinias

83 2603 181 2676 parte,
201 2599 329 2659 absente
343 2603 449 2661 tamen
465 2600 615 2677 parocho,
628 2601 829 2677 contrahunt,
842 2602 875 2661 in
885 2603 1018 2663 articulo

83 2710 112 2753 v.
129 2714 160 2773 g.
175 2696 299 2772 morlia,
316 2702 371 2756 aut
384 2696 446 2757 alia
460 2714 649 2775 quacunque
664 2696 861 2770 necessitate,
878 2712 951 2755 cum
965 2696 1004 2757 de

85 2788 207 2855 ilciente
222 2790 324 2851 torma
338 2791 536 2853 substantiali
549 2791 590 2852 ad
602 2791 743 2852 valorem
753 2795 842 2852 actus
852 2790 1014 2871 requisita,

84 2882 174 2945 sicuti
187 2886 358 2963 requiritur
372 2886 412 2947 ed
427 2886 568 2947 validum
581 2885 828 2962 matrimonium,
842 2886 975 2963 parochi
984 2904 1014 2946 v.

85 2992 114 3051 g.
131 2982 162 3039 et
174 2980 303 3041 testium
317 2980 494 3057 prasentia,
511 2983 600 3041 actus
619 2978 789 3039 subsistere
811 2996 874 3038 non
896 2979 1015 3057 possit;

87 3072 168 3147 quod
183 3074 211 3133 si
224 3076 329 3133 tamen
343 3073 376 3132 in
390 3090 476 3149 casu,
494 3089 558 3151 quo
571 3074 604 3133 in
624 3071 704 3133 facie
724 3072 885 3147 Ecclesia,
910 3088 1018 3134 coram

87 3169 222 3238 parocho
243 3168 372 3246 seilicet,
398 3172 429 3230 et
449 3168 582 3230 testibus
607 3168 844 3228 matrimonium
873 3173 1017 3229 contrac-

87 3260 224 3340 tumeat,
244 3266 285 3324 oh
308 3263 570 3342 impedimentum
592 3270 701 3324 tamen
725 3264 885 3325 occultum
907 3264 1017 3327 invali-

90 3347 171 3429 dum,
188 3359 329 3417 cessante
344 3356 557 3433 postmodum,
573 3362 606 3415 et
620 3355 744 3416 sublato
758 3356 898 3436 legitime
915 3357 1017 3435 impe·

89 3441 222 3511 diruente
239 3450 439 3528 revalidetur,
457 3468 520 3513 non
542 3456 589 3511 est
610 3452 834 3529 necessarium,
855 3456 1016 3514 uteorum

92 3546 233 3624 parocho,
249 3550 281 3609 et
293 3547 437 3624 testibus,
454 3548 523 3609 hac
537 3546 723 3611 revalidatio
736 3550 803 3626 flat,
824 3548 852 3609 si
864 3548 905 3614 ds
917 3548 1015 3625 impe·
