2442 4125
296 326 335 372 nn
356 326 485 373 cunero
504 326 587 373 nuans
608 326 764 375 canonici.
955 314 991 373 ‘li

50 474 168 557 cordis
182 470 380 548 contritione,
397 471 460 533 oris
473 470 669 533 confessione
683 474 716 533 et
733 468 838 552 operia
856 466 996 532 satisfac·

61 570 148 632 tione
162 566 371 629 constituatur
386 584 394 627 ε
410 566 448 627 iia
462 566 547 628 anim
561 567 714 629 accedens
728 564 932 629 sacerdotalis
942 564 996 627 ab·

62 664 177 727 solutio
193 664 428 723 sacramentum
441 664 614 743 perficitur.

103 762 179 820 Haec
193 775 292 839 quum
305 762 394 819 tanta
407 758 481 820 insit
493 760 604 823 relatio
625 760 709 823 inter
728 757 873 823 ordinem
892 756 997 819 orimi-

63 855 183 917 nalium
201 852 393 933 judiciorum
417 856 449 915 et
472 855 565 936 hujus
587 854 778 919 sacramenti
800 851 999 915 administra·

61 951 195 1026 tionem,
218 948 336 1010 relictis
364 950 530 1031 theologie
558 952 783 1034 questionibus
810 946 997 1030 dogmaticis

64 1060 136 1125 quae
151 1041 241 1105 vobis
256 1046 337 1105 notae
352 1046 435 1121 sunt,
452 1046 527 1123 puto
538 1046 677 1127 perbelle
686 1064 737 1108 me
747 1042 895 1125 expedire
905 1058 997 1122 possa

64 1158 103 1201 ee
117 1155 188 1219 qnae
203 1138 360 1219 pertinent
379 1137 419 1199 ad
440 1138 621 1219 hujusmodi
638 1138 829 1203 sacramenti
848 1136 999 1201 adminis-

64 1236 236 1303 trationem
249 1238 343 1315 prout
354 1235 389 1295 in
402 1238 532 1297 externa
545 1238 692 1299 Ecclesiae
711 1234 878 1317 disciplina
896 1234 1000 1315 posita

64 1337 124 1409 est,
150 1331 176 1393 si
203 1330 342 1393 theorias
366 1329 559 1411 judiciorum
586 1332 762 1413 praesertim
789 1330 999 1395 criminalium

64 1427 261 1491 coordinabc
275 1426 316 1487 ad
330 1427 424 1508 hujus
439 1430 628 1491 sacramenti
641 1428 955 1503 administrationem,
968 1430 1001 1489 ot

63 1527 108 1587 ita
123 1526 231 1613 alique
245 1541 284 1584 ex
297 1528 387 1603 parte
401 1541 566 1586 occurram
579 1525 727 1588 brevitati
744 1522 896 1605 temporis
914 1520 1000 1603 quod

64 1620 211 1699 superest
223 1618 263 1679 ad
273 1636 401 1680 cursum
411 1620 525 1681 harum
533 1620 705 1686 lectionum
714 1617 916 1699 expiandum,
929 1634 1000 1699 quoe

63 1736 129 1779 non
143 1713 226 1776 sinet
238 1732 288 1777 me
303 1716 343 1777 de
354 1714 480 1795 judiciis
495 1718 714 1781 ecclesiasticis
727 1717 918 1778 locaturum.

104 1824 271 1905 Analysim
286 1824 326 1885 ad
341 1824 404 1887 duo
418 1825 523 1905 capita
537 1827 736 1908 restringam,
754 1842 825 1908 qnae
839 1822 1002 1905 praecipua

64 1928 140 1985 sunt
154 1922 187 1982 in
201 1938 236 1981 re
251 1923 370 1984 nostra.

147 2038 179 2098 l⁰
193 2032 241 2097 Ad
255 2034 432 2122 ministrum
446 2053 502 2098 seu
513 2033 667 2116 judicem,

148 2132 183 2196 2⁶
194 2130 242 2196 Ad
256 2149 367 2214 poenas
382 2149 452 2216 quae
467 2149 554 2194 arec
569 2128 743 2218 subeunde
754 2132 838 2194 sant.

336 2341 358 2389 1.
369 2343 401 2388 Do
412 2342 509 2388 ministro
522 2343 587 2400 hujus
598 2343 736 2390 minuo.

106 2479 148 2540 ΙΙ.
167 2476 308 2540 satisfeci
322 2477 432 2558 prime
448 2477 684 2558 investigationi
701 2493 774 2538 eam
791 2473 943 2537 solvendo
962 2491 1003 2536 ex

63 2578 138 2656 ipse
152 2580 266 2635 natura
280 2573 373 2654 hujus
388 2575 588 2638 sacramenti.
605 2577 686 2637 Nam
699 2572 793 2654 hujus
813 2571 1003 2633 sacrementi

63 2676 183 2736 nutura
206 2675 254 2732 est
276 2675 311 2733 ut
333 2671 373 2733 sit
392 2671 557 2751 judicium,
588 2691 625 2734 ex
653 2688 716 2752 quo
744 2667 947 2749 consequitur
967 2666 1002 2726 in

63 2768 166 2849 hujus
180 2767 369 2830 sacrementi
383 2767 525 2831 ministro
546 2768 664 2850 requiri
682 2766 865 2829 facultatem
883 2760 1003 2824 ordinis

62 2866 109 2929 ad
131 2863 364 2926 conficiendum
387 2869 631 2943 sacramentum,
655 2863 837 2926 facultatem
856 2856 1003 2938 jurisdic-

61 2959 164 3028 tionis
179 2959 220 3022 ed
231 2959 451 3040 judicandum,
473 2962 605 3041 proinde
626 2962 660 3023 in
681 2978 719 3022 eo
740 2972 928 3027 concurrere
949 2953 1002 3016 de·
1032 2967 1034 2971 ·

61 3063 146 3124 bere
160 3057 365 3121 idoneitatem
379 3057 513 3122 ministri
528 3063 559 3122 et
572 3061 761 3140 potestatem
772 3051 898 3134 judicis,
911 3049 1005 3114 sicuti

62 3159 99 3221 in
115 3153 214 3236 hujus
228 3157 416 3220 sacramenti
431 3162 585 3236 conceptu
599 3161 689 3219 actua
707 3149 943 3217 sacramentalis
956 3149 1005 3212 est

62 3255 159 3318 actus
170 3248 341 3330 judicialis,
357 3255 389 3315 et
401 3251 574 3315 vicerersa.

106 3357 176 3418 Hoc
190 3351 295 3432 posito
310 3351 385 3414 dixi.

68 3509 72 3515 .
107 3455 202 3518 Solos
216 3453 397 3516 sacerdotes
417 3469 487 3515 esse
507 3449 668 3512 ministros
689 3445 783 3528 hujus
803 3436 1004 3518 sacramenti,

68 3557 188 3639 quibus
209 3553 329 3616 dictum
350 3556 409 3614 est.
436 3571 452 3610 a
475 3549 603 3627 Qunam
626 3543 795 3609 remiseritis
815 3549 956 3624 peccota.
973 3559 1001 3600 ‚a
