2442 4125
315 357 354 400 ne
375 356 607 404 cerneremus
629 359 786 406 canonici.
855 327 860 334 ’
956 351 1015 412 2³3

62 519 146 578 pars
162 501 232 562 ista
244 500 313 577 luit,
330 519 403 562 cum
418 519 475 580 per
489 503 677 570 sententiam
691 503 818 568 divortii
831 505 1017 573 liberataeit

63 597 138 657 haec
169 614 251 675 pars
273 596 361 675 prius
384 597 544 673 innocens,
572 598 613 659 eh
636 599 828 678 obligatione
851 603 1016 668 cohahite-

62 693 165 754 tiouis
181 693 440 769 matrimonialis,
457 698 489 754 et
502 694 582 756 alter
595 696 717 756 nullum
727 696 781 775 jus
796 697 913 760 habeat
926 718 1015 779 repe·

62 788 157 848 tendi
174 787 361 867 conjugem,
379 807 451 849 cum
465 807 522 869 per
531 789 734 868 adulterium,
746 797 817 870 post
825 795 1013 856 senteutiam

63 885 287 962 separationis
294 885 402 960 letam,
414 890 877 967 uoneenseentnrcompeuaari
886 891 1011 956 delicta.

106 983 159 1040 An
175 981 231 1040 vir
244 981 344 1058 possit
353 981 509 1044 dimittere
520 1001 652 1045 uxorem
662 983 729 1044 eine
738 984 854 1046 iudicio
864 988 1012 1050 Ecclesia

64 1075 166 1134 etiam
181 1078 318 1155 propter
332 1076 512 1156 publicum,
528 1097 565 1140 ac
580 1079 739 1141 notorium
752 1080 1012 1159 impedimentum

65 1172 261 1248 parentelae,
277 1189 333 1232 seu
347 1173 568 1252 cognationis?

106 1268 245 1327 Rectius
279 1267 420 1330 fortassis
454 1270 524 1330 hac
558 1270 691 1349 quaeetio
721 1273 808 1332 mota
838 1272 948 1336 inisset
978 1274 1009 1334 in

67 1365 182 1439 quast.
197 1365 244 1437 2⁶,
262 1378 369 1439 supra,
386 1361 439 1423 ubi
455 1368 561 1422 actum
576 1366 624 1424 est
635 1362 675 1423 de
685 1365 967 1444 consanguinitate,
979 1374 1012 1429 et

67 1456 227 1518 affinitate
241 1476 249 1529 ;
267 1457 340 1534 quie
354 1459 461 1517 tamen
475 1456 507 1518 in
522 1458 582 1518 hoc
597 1457 646 1519 tit.
662 1475 691 1519 c.
706 1478 797 1538 porro
814 1462 846 1520 3.
868 1461 1011 1522 Pontifex

67 1551 151 1612 hanc
166 1551 379 1631 quaestionem
392 1551 519 1627 decidit,
535 1552 652 1631 placuit
666 1554 788 1614 auctori
800 1554 942 1614 method.
959 1553 1010 1613 hic

69 1663 139 1706 eam
175 1646 318 1718 referre;
348 1646 518 1726 respondet
545 1665 621 1726 ergo
649 1648 682 1708 iu
709 1646 761 1708 cit.
792 1665 820 1708 c.
851 1648 1007 1724 Pontifex,

70 1740 189 1820 absque
201 1741 326 1820 judicio
341 1741 487 1803 licclesiae
502 1743 598 1804 talem
613 1760 677 1804 non
690 1760 782 1820 posse
797 1743 925 1821 propria
935 1760 1011 1803 auc-

69 1834 197 1896 toritate
211 1852 346 1894 uxorem
361 1834 530 1910 dimittere,
548 1853 621 1896 oum
635 1853 699 1914 qua
718 1835 956 1896 matrimonium
976 1836 1009 1897 iu

69 1927 148 1988 facia
168 1929 323 1990 Ecclesiae
346 1929 501 1990 contraxit
516 1929 569 2009 (ob
584 1927 794 2006 reverentiam
802 1928 921 1990 scilicet
930 1931 1010 1990 tanti
1087 1997 1091 2002 ⁸

72 2023 288 2103 sacramenti),
306 2024 428 2086 etiamsi
442 2023 704 2104 impedimentum
717 2024 758 2085 sit
770 2024 928 2084 notorium
942 2024 1010 2103 (pu-

71 2119 153 2181 blica
170 2122 295 2183 scilieet
314 2121 412 2200 fama)
433 2123 508 2201 quia
529 2121 629 2182 multa
647 2120 794 2180 dicuntur
813 2120 947 2196 notoria,
970 2138 1008 2181 eo

73 2217 156 2294 qood
169 2217 301 2296 publice
315 2216 355 2277 de
369 2216 430 2277 illie
444 2217 530 2277 lema
543 2217 594 2293 sit,
611 2234 682 2295 quae
697 2218 803 2277 tamen
813 2213 936 2275 notoria
945 2232 1009 2276 nou

73 2317 159 2387 sunt3
177 2318 210 2377 et
220 2314 295 2373 hinc
307 2328 377 2391 cap.
390 2312 597 2391 subsequens,
611 2310 804 2390 significasti,
817 2309 1006 2387 ubidicitur,

75 2408 141 2486 cogi
175 2428 241 2471 uon
269 2409 385 2470 debere
413 2426 486 2469 eum
514 2408 556 2467 ad
584 2406 753 2486 conjugem
779 2406 1005 2485 recipiendam,

75 2520 167 2579 quam
181 2510 313 2585 propter
333 2504 524 2566 adulterium
542 2504 712 2579 notorium,
734 2503 801 2564 sine
819 2504 1007 2566 auctoritate

76 2602 176 2662 temen
190 2601 352 2679 Ecclesia,
369 2601 542 2677 dimiserat,
555 2619 619 2663 non
629 2600 817 2662 contradicit
824 2600 923 2675 priori
932 2618 1004 2679 cap.

76 2709 169 2773 porro,
196 2715 271 2759 cnm
293 2696 326 2756 in
349 2696 522 2778 posteriore
550 2696 689 2774 capitulo
716 2692 875 2753 notorium
901 2692 1003 2767 dicat,
1066 2735 1070 2744 ,

78 2790 154 2864 quod
170 2793 259 2854 nulle
268 2792 528 2872 tergiversatione
540 2791 662 2869 negari,
674 2792 729 2850 aut
738 2788 879 2848 excusari
889 2790 1002 2865 potest,

77 2880 225 2961 inpriore
239 2907 316 2949 vero
330 2888 479 2967 capitulo,
498 2886 668 2962 notorium,
684 2902 748 2947 non
757 2901 851 2946 omne
861 2882 1003 2960 dubium,

79 2980 151 3039 etin
164 2985 357 3046 contrarium
372 2984 600 3064 exceptionem,
617 2980 774 3042 excludat.

114 3077 236 3157 Utrum,
253 3085 284 3143 et
299 3081 425 3161 quando
441 3079 481 3141 ob
496 3079 688 3140 adulterium
700 3074 874 3155 spirituale,
886 3074 952 3135 sive
963 3076 1004 3135 ob

79 3166 197 3247 lapsum
219 3176 250 3236 in
276 3176 433 3253 haeresim,
457 3177 507 3237 vel
522 3174 712 3251 apostasiam
733 3191 753 3232 a
774 3170 849 3247 tide,
874 3170 1005 3232 alterius

80 3266 228 3347 conjugis,
243 3272 337 3333 liceat
358 3271 511 3333 catholico
529 3269 692 3331 instituere
711 3266 892 3343 divortium,
913 3270 946 3328 et
963 3285 1004 3327 an

80 3354 106 3503 gi
120 3376 242 3426 reverso
257 3368 299 3428 ad
313 3368 408 3429 iidem
423 3367 537 3429 debeat
551 3362 723 3439 conciliari,
739 3380 796 3423 aen
810 3362 851 3425 ad
865 3380 938 3423 eum
952 3381 1004 3424 re-

100 3448 166 3513 ire?

118 3547 205 3619 Quod
218 3556 315 3633 possit
328 3559 457 3635 propter
471 3556 593 3635 lapsum
614 3553 648 3615 in
665 3551 824 3631 haeresim,
843 3551 894 3614 vel
912 3567 1002 3629 apos
