2442 4125
362 290 400 333 ou
422 288 550 335 obsecro
570 290 654 336 sorus
675 289 831 335 cunonrcn
1001 279 1061 338 265

127 434 198 509 cisi,
216 449 311 512 quam
325 430 457 493 dicimus
471 430 601 511 officiam
621 431 765 506 divinum,
791 432 831 495 dc
854 449 917 511 quo
939 433 1061 514 egimus

126 530 294 607 loquentes
308 526 347 589 do
362 528 546 589 clericorum
561 528 679 589 officiis.

169 624 231 687 Sed
259 626 326 685 hacc
353 623 461 685 orandi
488 623 655 687 methodus
691 642 761 703 qoae
789 627 966 686 communis
994 633 1060 687 orat

127 720 276 783 Ecclesiae
292 718 466 798 primordiis
482 726 513 781 et
526 719 641 781 deiude
659 720 769 782 studiis
788 720 968 782 monasticis
988 739 1062 799 per·

128 816 239 878 tectior
252 814 374 877 reddita
389 820 435 876 ost
449 820 480 876 et
498 814 529 873 in
546 815 650 876 varias
668 816 762 876 horas
781 816 958 888 distributa,
982 836 1061 896 pau-

126 912 214 973 latim
228 910 310 971 facta
324 912 372 971 cst
386 909 571 972 clericorum
585 911 721 991 propria,
744 912 798 988 qui
821 911 863 971 ud
880 910 967 971 illam
987 912 1059 972 fun·

127 1008 265 1069 dandam
291 1006 512 1085 precipiantur
542 1006 591 1067 vel
625 1006 770 1085 publice,
806 1007 857 1068 vel
891 1006 1060 1084 privatim,

128 1102 284 1181 siquidem
313 1102 343 1162 in
371 1102 468 1163 sacris
494 1103 651 1164 constituti
679 1106 762 1176 sunt,
791 1102 842 1163 vel
869 1098 1060 1163 heneficium

127 1197 373 1260 ecclesiasticum
401 1197 549 1259 obtinent.
576 1197 703 1259 Publica
727 1203 832 1259 autern
856 1202 889 1259 et
910 1198 1062 1259 solemnis

128 1294 221 1355 officii
236 1292 330 1353 divini
346 1292 514 1373 persolutio
528 1291 563 1353 tit
577 1308 595 1351 a
610 1290 769 1352 canonicis
778 1291 810 1351 in
821 1292 992 1371 collegiatis
1006 1297 1062 1352 aut

127 1385 358 1449 cathedralibus
372 1385 522 1463 ecclesiis,
539 1402 640 1463 eaque
656 1385 796 1463 quotidie
815 1384 901 1448 velut
924 1386 1060 1465 antiquae

127 1482 297 1562 vestigium
309 1482 494 1559 discipline.
562 1486 564 1491 '

169 1578 243 1637 Haec
257 1575 311 1635 diu
324 1576 443 1637 directa
458 1578 505 1637 est
525 1592 583 1653 opo
602 1575 752 1637 librorum
777 1574 1060 1636 ecclesiasticorum

128 1673 182 1751 qui
207 1671 393 1755 dicebantur
419 1670 576 1748 psalteria,
607 1670 801 1745 lectionaria,
831 1669 1059 1749 antiphonario,

127 1767 315 1844 homiliaria,
331 1767 516 1846 hymniaris,
532 1767 740 1846 passionaria‚
764 1766 950 1842 collectaria,
977 1778 1062 1827 mar-

126 1864 293 1945 tyrologia,
304 1863 335 1921 in
347 1862 460 1940 quibus
470 1863 577 1940 paucis
593 1863 698 1924 verbis
712 1862 885 1940 litterisque
895 1860 1063 1922 rubentibus

128 1975 258 2040 precum
272 1963 481 2038 gestuumque
501 1957 577 2017 ordo
599 1956 773 2032 notabatur,
794 1956 878 2017 uude
893 1961 974 2017 natac
989 1961 1061 2017 sunt

128 2054 255 2118 rodricus
268 2055 381 2115 harum
395 2052 655 2115 caeremoniarum
670 2050 799 2114 indices.

169 2153 281 2214 Postea
295 2149 476 2219 universum
491 2147 627 2210 officium
645 2148 679 2208 in
699 2164 796 2208 unum
820 2145 967 2208 volumen
986 2162 1061 2206 con·

127 2247 222 2310 traxit
248 2248 279 2308 S.
311 2245 478 2324 Gregorius
498 2243 550 2307 Vll
574 2245 633 2306 sub
658 2244 754 2304 finem
782 2242 888 2304 surculi
909 2259 953 2319 xr,
977 2240 1060 2320 quod

127 2343 245 2405 dictum
261 2344 308 2404 est
322 2341 522 2419 breviarium,
539 2341 623 2420 quod
638 2339 751 2403 deinde
766 2341 852 2421 juxta
867 2341 974 2401 votum
995 2339 1062 2400 'l'ri-

128 2437 246 2500 dentini
276 2435 399 2499 concilii
426 2451 503 2498 sess.
533 2439 572 2498 25
601 2441 776 2501 correctum
804 2438 853 2499 est
878 2435 1061 2497 auctoritate

54 2573 60 2580 -
128 2537 159 2598 S.
177 2534 221 2595 Pii
235 2533 261 2592 V
276 2533 390 2594 saeculo
412 2549 473 2608 rvr,
489 2538 521 2595 st
535 2532 681 2594 omnibus
696 2533 835 2595 ecclesiis
855 2533 1059 2612 propositum,

128 2632 202 2692 dsta
216 2629 359 2692 libertato
374 2627 518 2691 servandi
533 2628 628 2690 alium
645 2629 788 2692 ordinem
801 2628 862 2688 illis
871 2631 992 2689 tantum
1007 2629 1060 2705 qui

128 2726 283 2788 haberent
301 2726 367 2802 jam
390 2728 458 2786 tum
479 2743 498 2786 a
522 2742 579 2786 sua
602 2723 704 2803 prima
726 2722 919 2785 institutione
945 2742 964 2783 a
986 2725 1061 2784 sede

129 2822 300 2903 apostolica
315 2822 479 2903 probatum
495 2822 545 2884 vel
558 2816 785 2884 consuetudins
799 2820 951 2883 ducentos
961 2836 1062 2880 annos

129 2923 298 2996 superante
324 2922 491 2991 retentum.
523 2915 584 2978 Gir.
610 2916 715 2979 Goust.
744 2913 826 2989 Quod
847 2932 866 2974 o
888 2911 969 2973 nodo
990 2930 1060 2992 quae

128 3011 273 3091 praemitti
289 3011 367 3074 solet
380 3011 553 3074 breviariis.

169 3107 231 3168 Sed
245 3124 307 3167 non
322 3107 393 3168 ideo
408 3107 481 3186 quia
495 3106 563 3169 baec
577 3105 726 3187 precandi
737 3105 905 3168 methodus
915 3102 999 3166 lacta
1013 3112 1061 3168 est

127 3201 311 3262 clericorum
324 3201 459 3280 propria,
477 3216 610 3280 eamque
626 3202 657 3261 in
681 3199 820 3262 ecclesiis
841 3198 967 3279 publice
988 3217 1060 3280 per-

128 3297 251 3359 solvant
264 3297 315 3376 qui
331 3297 426 3358 choro
441 3301 514 3360 sunt
526 3296 652 3371 addicti,
668 3296 818 3356 remansit
832 3298 930 3358 statos
939 3295 1059 3357 laicalis

128 3393 196 3454 sina
210 3411 303 3472 prece
318 3393 477 3455 communi
498 3393 530 3455 in
553 3392 703 3457 Ecclesia.
719 3393 798 3455 Nam
821 3409 877 3473 pro
901 3392 1058 3456 elemento

128 3489 198 3552 vitae
213 3496 372 3570 perpetuae
388 3507 449 3570 quo
464 3489 582 3570 gaudet
596 3489 748 3569 Ecclesia,
765 3495 893 3571 propter
904 3490 1062 3570 quodnon
