2442 4125
196 275 254 333 itt
403 283 632 331 rnsrrrorrouns
652 284 735 329 runis
757 283 912 331 amentor.

196 448 293 493 nense
307 430 359 506 ΙΙΙ,
381 445 451 506 cap.
476 443 541 502 rur,
567 426 606 487 de
629 425 757 488 decimis
780 426 936 489 sancivit:
958 449 972 486 a
986 431 1032 491 Ne
1052 431 1127 492 laici

196 529 334 590 decimas
349 542 420 586 cnm
438 525 616 585 animarum
638 522 775 602 periculo
797 524 972 587 detinentes
992 526 1026 585 in
1047 528 1127 588 alios

194 624 292 685 laicos
309 627 437 702 possent
457 620 561 700 aliqno
582 619 678 680 modo
698 619 886 694 transferre;
910 622 937 680 si
958 622 1028 701 quis
1049 642 1125 685 varo

195 719 374 798 recepisset,
404 722 435 779 et
462 732 524 776 non
547 713 746 791 reddidisset,
771 715 942 777 christiane
963 720 1126 796 sepultura

194 817 413 896 privaretur.»
436 811 499 874 Sed
521 812 580 872 hcc
601 810 764 872 decretum
786 829 848 872 uon
872 811 931 886 fuit
949 815 1125 891 generatim

193 916 366 992 receptum,
379 916 440 971 eta
451 910 619 971 canonistie
633 908 767 988 benigne
780 908 1021 987 interpretatum
1035 910 1125 989 quasi

193 1004 424 1085 possessoribus
451 1002 645 1064 deeimarum
673 1018 735 1063 non
762 1000 870 1062 liceret
895 1018 949 1061 aaa
977 1001 1061 1063 ultra
1084 1002 1126 1064 ad

192 1101 288 1162 laicos
301 1099 483 1173 transferre,
498 1115 554 1158 seu
569 1097 659 1176 qnasi
673 1114 769 1157 novas
785 1096 977 1157 decimarum
992 1100 1126 1176 aequisi-

192 1196 292 1257 tiones
307 1198 439 1271 veterat,
464 1194 520 1255 sed
543 1194 738 1273 permitteret
760 1193 791 1253 et
812 1191 961 1253 toleraret
984 1192 1125 1266 decimata

192 1290 306 1369 quibus
319 1295 392 1351 actu
405 1289 478 1349 laici
492 1288 686 1350 fruebantur.

232 1386 295 1447 Sed
322 1383 474 1464 quidquid
502 1383 543 1444 sit
570 1383 609 1442 de
637 1382 902 1445 infeudationibus
929 1384 1021 1446 factis
1049 1391 1122 1449 ante

192 1500 280 1544 conc.
296 1484 400 1542 Later.
417 1480 469 1556 lll,
485 1496 574 1540 novae
593 1476 823 1543 infeudationes
842 1478 937 1540 veluti
959 1479 1123 1543 alienatio·

191 1598 247 1640 nes
261 1579 417 1641 bonorum
438 1574 730 1651 ecclesiastieorum,
747 1575 813 1635 siue
837 1573 949 1635 debitis
973 1576 1123 1637 solemni-

189 1676 307 1738 tatibus
321 1679 353 1735 et
366 1674 468 1735 causis
482 1672 550 1733 fieri
559 1668 766 1749 amplius'ncn
775 1672 962 1748 potuerunt;
981 1675 1014 1733 et
1027 1671 1122 1733 hodie

190 1769 458 1851 quemadmodum
476 1766 580 1830 eaeteri
603 1768 782 1828 contractus
805 1765 1001 1827 alienationis
1024 1767 1122 1831 bono·

189 1885 260 1928 rum
274 1864 568 1939 ecelesiasticorum,
584 1862 702 1923 cadunt
715 1860 773 1923 sub
782 1860 970 1933 interdicto.

281 2036 293 2083 ε
308 2029 341 2075 ΙΙ.
356 2042 384 2075 nr
398 2041 477 2076 crusis
493 2038 656 2074 sarrurrrorrs
671 2036 780 2072 aorounu
796 2036 1030 2074 reoteartsrraonnrr.

229 2158 308 2220 Vlll.
324 2155 485 2234 Legitima
500 2170 604 2215 eausa
619 2150 814 2214 alienationis
838 2151 995 2213 bonorum
1019 2154 1131 2252 eoele3

188 2252 386 2313 siastieorum
407 2250 616 2312 communiter
635 2254 698 2310 tres
718 2251 943 2309 recensentur:
967 2249 998 2307 Ιο
1013 2265 1121 2311 neces·

188 2343 275 2418 sitas,
292 2349 324 2404 2⁰
336 2344 465 2420 utilitas,
481 2347 514 2404 3⁰
528 2344 639 2422 pietas.

134 2511 138 2517 η
226 2437 401 2515 Necessitas,
426 2457 474 2499 ex.
498 2457 560 2517 gn,
590 2439 617 2498 si
644 2439 783 2500 Ecclesia
810 2441 896 2500 tanto
925 2457 988 2501 aere
1016 2439 1117 2500 alieno

188 2534 301 2597 obrute
314 2534 365 2610 sit,
382 2538 418 2596 ut
430 2535 489 2595 soli
501 2535 658 2595 bonorum
677 2535 797 2596 fructus
811 2535 841 2596 ei
863 2553 926 2596 non
949 2533 1116 2610 sufficiant,

187 2632 236 2693 vel
251 2632 290 2692 de
305 2631 461 2693 bonorum
475 2630 628 2692 fructibus
643 2631 718 2694 satie
733 2649 795 2692 non
808 2631 937 2710 colligat
950 2631 1033 2692 unde
1054 2629 1118 2690 suis

186 2728 424 2790 necessitatibus
438 2729 580 2790 satisfiat.
598 2729 660 2790 Sed
670 2729 724 2807 jus
739 2728 931 2790 necessitatis
946 2728 1053 2789 stricte
1067 2745 1116 2787 su-

185 2823 336 2882 mendum
351 2824 408 2898 est,
421 2821 612 2900 neolongius
626 2822 891 2902 progrediendum
901 2839 997 2901 quam
1010 2839 1117 2882 neces-

185 2920 260 2980 sitas
274 2918 422 2996 postnlat.
445 2920 529 2997 Ergo
547 2916 760 2996 incipiendum
779 2921 826 2978 est
839 2936 859 2976 a
876 2917 969 2978 rebus
993 2917 1118 2978 mobili-

184 3014 255 3087 bus,
268 3032 338 3092 qnae
350 3011 391 3072 ad
405 3015 551 3072 ornatum
564 3011 733 3089 pertinent,
745 3015 800 3073 aut
812 3013 915 3073 minus
929 3009 1116 3073 necessaria

184 3113 268 3185 sunt,
285 3127 343 3170 nec
362 3109 403 3168 ad
426 3112 611 3186 perpetuam
634 3107 855 3168 alienationem
878 3105 1115 3186 procedendum

184 3207 210 3265 si
232 3223 290 3282 per
311 3205 518 3279 locationem,
547 3205 856 3284 oppignerationem,
882 3202 1116 3283 emphyteusim

183 3297 234 3357 vel
248 3298 309 3357 alio
324 3299 417 3360 modo
432 3316 495 3377 quo
509 3299 594 3359 bona
606 3297 780 3359 immobilia
794 3301 944 3376 perpetuo
960 3315 1023 3358 non
1037 3298 1114 3358 alie-

184 3392 309 3463 nantur,
327 3392 418 3468 plene
431 3392 530 3469 possit
543 3392 701 3454 sublevari
716 3394 861 3455 Ecclesiae
876 3393 1057 3455 necessitas.

227 3479 345 3540 Utilitas
358 3483 385 3542 si
399 3501 438 3542 ex
451 3484 639 3547 alienatione
660 3487 770 3548 melior
783 3488 838 3548 fiat
859 3487 994 3549 conditio
1016 3486 1111 3566 patri·
