2442 4125
329 344 368 388 ne
390 342 521 389 onrecro
541 343 624 389 runis
646 341 801 388 carorum.
974 330 1032 388 303

94 493 131 549 4⁰
144 485 333 548 Seminaria.
351 485 443 547 Hisce
456 485 561 547 forent
573 485 813 546 annumeranda
824 485 966 549 instituta
975 504 1031 566 pro

96 581 296 645 institutione
309 582 497 662 puellarum,
514 582 621 662 qualia
635 585 709 644 sunt
722 583 966 660 conservatoria,
983 587 1034 646 vel

94 681 170 741 loca
182 678 421 740 educandarum
446 679 646 752 earumdem
663 679 720 740 sed
743 678 905 741 brevitatis
929 679 1033 758 gratia

94 779 151 840 illa
165 777 320 854 omittam,
337 781 369 839 et
382 778 483 839 solum
497 777 568 838 illas
581 779 717 857 quatuor
731 775 898 856 praedictas
912 775 1032 838 iustitu-

95 875 200 937 tiones
214 890 272 951 per
285 872 429 933 ordinem
442 875 622 952 temporum
635 871 793 934 indicabo.

426 1049 449 1095 l.
459 1050 544 1096 Schola
556 1049 707 1106 capitulorum.

138 1163 192 1222 lX.
202 1161 311 1222 cerus
325 1160 449 1244 scholas
461 1160 538 1222 olim
551 1158 647 1220 inisse
661 1159 694 1220 in
709 1159 941 1223 cathedralibus
956 1179 1035 1240 prae·

94 1257 208 1318 sertim
231 1255 383 1333 ecclesiis,
401 1255 616 1318 ecclesiastice
635 1255 806 1335 antiquitas
824 1255 928 1319 docet.
944 1257 1036 1321 Iusti-

93 1352 268 1414 tuehantur
280 1352 313 1412 in
327 1351 365 1412 iis
383 1352 488 1414 clerici
508 1351 653 1432 juniores
671 1352 704 1412 in
728 1351 842 1414 divinis
863 1352 987 1430 litteris,
1002 1354 1035 1414 in

94 1448 190 1510 bouis
213 1446 344 1524 artibus,
367 1465 438 1527 quae
467 1448 647 1510 divinarum
672 1447 849 1512 litterarum
872 1451 1035 1512 seientiam

97 1549 289 1625 promovent
311 1547 342 1605 et
361 1544 486 1624 juvant,
511 1545 588 1608 item
609 1545 699 1606 iniis
720 1546 787 1606 sine
811 1546 927 1623 quibus
944 1545 1036 1607 disci-

95 1640 187 1720 phna
200 1638 411 1702 ecclesiastica
432 1641 603 1702 consistere
625 1639 753 1700 minime
768 1642 902 1717 poterat.
923 1639 1037 1699 Exem-

97 1738 153 1817 plo
169 1734 409 1812 cathedralium,
427 1735 542 1796 echolae
564 1753 690 1816 quoque
705 1734 854 1796 instituta
873 1732 1037 1813 aequahili-

99 1838 152 1896 ter
164 1830 293 1892 inerunt
307 1831 339 1891 in
354 1831 538 1910 collegiatis,
554 1831 651 1892 immo
667 1834 698 1893 et
711 1830 743 1890 in
756 1829 948 1910 simplicibus
968 1830 1038 1910 qui-

98 1928 237 1991 busdam
264 1927 405 1988 ecclesiis
420 1927 534 2007 quibus
553 1929 658 1989 certus
676 1926 863 1988 clericorum
886 1943 1035 1987 numerus

99 2023 279 2104 adscriptus
295 2026 388 2086 esset.

140 2119 224 2195 Ergo
246 2120 362 2195 praeter
383 2116 508 2179 scholas
522 2116 678 2178 bonarum
701 2115 832 2192 artium,
853 2132 909 2177 seu
931 2133 1039 2195 gram-

96 2213 235 2289 maticoe,
251 2212 417 2275 rhetoricae
443 2215 475 2274 et
495 2214 716 2291 computorum
739 2211 1035 2287 ecclesiasticorum,

97 2312 193 2373 erant
206 2326 332 2389 quoque
347 2308 463 2371 schola
484 2308 717 2387 theologorum,
743 2308 818 2371 item
841 2308 957 2370 scholae
981 2324 1039 2369 no-

97 2407 265 2483 tariorum,
282 2408 446 2469 centorum
469 2411 501 2467 et
528 2405 744 2467 diaconorum.
768 2405 827 2478 Qui
850 2406 965 2468 scholae
984 2405 1038 2467 ho·

99 2520 216 2565 uarum
234 2501 348 2562 artium
370 2506 520 2580 praeerat,
543 2502 570 2561 is
599 2500 784 2563 scholasticus
807 2502 1036 2582 appellabatur,

99 2599 156 2680 qui
169 2596 337 2675 theologia
351 2596 515 2657 tradenda
530 2594 763 2669 addictuserat,
773 2594 920 2672 theolopce
936 2594 1040 2654 dictus

101 2698 161 2756 est.
183 2692 306 2754 Seholar
324 2695 492 2753 centorum
514 2694 651 2769 praerat
670 2691 788 2764 cantor,
815 2688 863 2749 vel
889 2687 1035 2751 distincto

101 2788 206 2852 officio
220 2789 254 2849 in
268 2788 347 2850 duas
361 2791 467 2865 partes
481 2786 628 2849 videlicet
642 2783 883 2864 praecentoriam
897 2784 947 2844 vel
969 2800 1039 2844 suc-

102 2882 304 2959 cinctorium,
320 2890 484 2961 precentor
498 2882 550 2962 qui
567 2881 719 2961 dirigeret
732 2880 910 2959 psallentes,
927 2882 958 2937 et
972 2896 1035 2937 auc-

101 2984 202 3037 centor
225 2975 295 3055 qui,
317 2975 554 3054 respondentes.
577 2974 701 3037 Scholae
723 2972 917 3035 notariorum
930 2968 1041 3050 primi-

103 3073 220 3133 cerius:
236 3072 382 3134 Officium
410 3072 605 3133 notariorum
629 3075 697 3134 crat
722 3069 884 3130 memoriae
912 3067 1038 3130 tradere

100 3175 175 3231 acta
201 3168 422 3246 conciliorum,
445 3174 622 3247 martyrum
647 3172 678 3229 et
705 3166 937 3240 confessorum,
967 3181 1041 3225 oon-

97 3264 237 3326 scribere
251 3264 359 3340 libros,
375 3264 516 3340 rituales,
533 3264 686 3339 missaleS,
703 3260 951 3339 antiphonarios,
979 3278 1050 3343 cce-y

101 3364 250 3441 torosque
264 3360 306 3421 ad
321 3378 396 3421 usus
409 3360 620 3441 psallentium.
638 3358 779 3437 Denique
798 3357 915 3421 seholae
935 3358 1043 3420 diaco·

103 3474 218 3518 norum
259 3457 313 3536 qui
358 3460 517 3535 praeerant
562 3453 728 3534 temporali
776 3453 1040 3518 administrationi

106 3552 323 3630 ecclesiarum,
339 3552 529 3632 praesidebat
543 3548 786 3612 Archidr'ccooas.
