2442 4125
171 327 229 386 loo
377 336 604 384 msurorrosns
624 336 707 382 rums
729 335 883 382 cruorum.

169 482 298 562 copalis,
316 481 393 543 etin
407 481 467 541 hoc
482 481 658 559 prasertim
672 481 887 559 episcopatum
902 499 921 542 a
935 483 1102 560 presbytc-

169 583 239 641 ratu
256 578 381 639 differre
397 577 510 657 (obiter
530 576 581 637 hic
596 572 810 638 animadverte
826 576 911 656 quod
925 577 997 639 licet
1011 578 1098 641 Trid.

169 671 303 735 voluerit
317 672 446 733 definire
458 670 530 749 jure
545 670 651 730 divino
667 669 810 730 ordinem
820 671 1019 750 episcopatus
1031 691 1101 734 esse

170 769 365 851 superiorem
380 768 489 830 ordine
504 767 751 844 presbyteratus,
767 771 873 828 tamen
887 768 920 827 id
938 770 1033 829 tacite
1055 769 1101 830 in-

169 867 286 927 nuebat
300 864 427 944 quando
442 862 675 924 distinctionem
696 881 734 924 ex
755 863 814 924 hae
836 868 989 943 potestate
1011 883 1102 945 repc-

168 963 256 1025 tebat
268 961 301 1022 in
316 960 426 1021 ordine
441 959 481 1020 ad
503 957 650 1038 quadam
668 965 866 1023 sacramenta
885 979 980 1041 quam
1001 979 1101 1042 nega-

168 1058 223 1121 bat
236 1056 448 1137 presbyteris3
466 1054 522 1116 sed
537 1054 689 1134 quidquid
703 1055 743 1115 sit
762 1055 801 1116 de
821 1057 881 1117 huc
900 1057 1097 1137 quastione).

208 1157 249 1217 At
263 1172 327 1215 non
341 1154 410 1213 erat
423 1151 508 1212 Trid.
522 1167 612 1212 mens
622 1169 679 1230 per
688 1150 755 1212 hac
765 1151 863 1213 verba
872 1152 1002 1213 definire
1013 1156 1099 1232 qnod

168 1249 248 1310 alter
264 1247 405 1310 minister
419 1245 687 1307 extraordinarius
706 1251 821 1324 praeter
841 1246 1024 1327 episcopum
1043 1267 1100 1310 ne-

168 1347 263 1424 queat
277 1341 400 1404 admitti
415 1341 526 1401 sivein
541 1341 796 1418 confirmationis,
814 1342 879 1402 sive
899 1341 931 1401 in
951 1342 1100 1404 ordinum

168 1435 379 1496 collationem.
406 1435 450 1492 De
473 1431 710 1493 confirmatione
732 1436 818 1512 patet
838 1452 874 1494 ex
897 1453 1016 1496 canone
1037 1438 1097 1513 ΙΙΙ,

168 1551 243 1594 sess.
262 1533 328 1609 vll,
345 1529 397 1591 ubi
413 1531 595 1590 contentum
609 1529 668 1590 fuit
681 1529 831 1592 definire:
854 1530 999 1611 «Siquis
1014 1531 1099 1592 dixe·

167 1629 208 1690 rit
221 1634 338 1688 sanctae
358 1625 603 1688 confirmationis
625 1624 817 1686 ordinarium
837 1627 1014 1694 ministrum
1036 1645 1099 1688 non

167 1742 235 1786 esse
250 1723 447 1801 episcopum,
463 1721 519 1782 sed
530 1720 671 1801 quemvis
681 1722 854 1801 simplicem
863 1722 1096 1802 presbyterum,

167 1818 336 1880 anathema
365 1816 416 1878 sit.
450 1839 464 1875 o
495 1821 540 1878 De
567 1815 677 1879 ordine
700 1835 775 1878 vcro
799 1821 885 1896 patet
908 1837 946 1878 cx
969 1837 1039 1898 cap.
1065 1837 1096 1896 x,

166 1933 243 1978 sess.
260 1915 371 1991 XXIII,
389 1913 428 1974 de
443 1915 676 1991 reformatione,
693 1914 748 1974 ubi
766 1913 833 1976 baec
852 1913 948 1976 habet
968 1935 975 1974 :
1001 1936 1016 1972 s
1036 1915 1099 1975 Ab·

166 2013 291 2076 batibus
308 2015 339 2076 et
353 2010 420 2073 aliis
436 2011 686 2092 quibuscumque
702 2010 854 2090 exemptis
872 2027 934 2072 non
953 2011 1047 2073 liceat
1064 2011 1098 2071 in

166 2118 329 2193 posterum
339 2110 371 2171 in
383 2112 447 2171 tres
456 2111 535 2170 fines
545 2109 679 2187 alicujus
689 2107 833 2168 dioecesis
844 2108 1095 2186 consistentibus,

166 2205 290 2270 etiamsi
310 2204 426 2266 nullius
445 2205 599 2280 dioecesis,
624 2204 674 2263 vel
698 2204 833 2283 exempti
852 2222 920 2265 cese
939 2203 1094 2282 dicantur,

167 2303 315 2381 cuiquem
329 2299 382 2379 qui
397 2299 551 2377 regularis
565 2299 709 2361 subditus
718 2300 778 2360 sibi
791 2318 853 2361 non
874 2301 914 2361 sit
934 2302 1097 2361 tonsuram
1157 2307 1161 2314 '

166 2396 216 2456 vel
238 2394 375 2453 minores
397 2394 523 2454 ordines
544 2394 699 2457 conferre.
722 2416 736 2453 o
762 2397 808 2456 Ex
828 2414 891 2476 qua
911 2396 1097 2457 inhibitione

167 2490 368 2570 consequitur
381 2490 544 2569 indirecte,
563 2492 656 2553 licere
671 2493 838 2555 abbatibus
857 2495 1014 2556 nonnullis
1029 2494 1097 2573 qui-

167 2586 225 2646 bus
239 2584 272 2645 id
290 2583 370 2664 juris
386 2602 570 2647 eoncessum
584 2591 641 2665 est,
665 2588 728 2648 suis
747 2587 879 2649 subditis
898 2588 1096 2667 regularibus

166 2687 328 2745 tonsuram
343 2687 374 2744 et
387 2684 525 2745 minores
540 2684 664 2746 ordines
680 2674 840 2745 conferre(

206 2782 289 2843 Sane
317 2778 497 2859 hujusmodi
525 2779 690 2843 facultates
718 2780 807 2841 datas
835 2798 903 2842 esse
928 2780 1096 2843 abbatibus

165 2876 358 2955 presbyteris
386 2880 417 2939 et
449 2876 489 2936 ab
522 2877 668 2955 episcopo
700 2875 874 2938 benedictis
906 2879 1028 2939 constet
1058 2896 1097 2939 ex

166 2975 241 3051 Syn.
259 2975 324 3035 Vll.
342 2973 473 3035 Nicoena
486 2974 524 3049 ll,
541 2976 636 3050 prout
654 2972 806 3034 habemus
827 2990 865 3033 ex
884 2972 1033 3034 decretali
1054 2976 1096 3036 ΧΙ
1172 2960 1175 2963 ’

165 3084 263 3146 quum
283 3067 443 3147 contingat
464 3066 503 3127 de
523 3066 683 3146 qualitate,
705 3069 796 3128 aetate
816 3072 848 3127 et
865 3066 975 3128 ordine
994 3070 1097 3146 praefi-

165 3160 367 3234 ciendorum;
383 3163 457 3225 item
472 3163 505 3222 in
519 3180 589 3241 esp.
605 3179 628 3240 1,
647 3162 685 3223 dc
705 3162 854 3243 ordinatis
874 3163 915 3223 ab
934 3164 1094 3245 episcopo,

165 3256 217 3335 qui
243 3256 435 3318 renuntiavit
453 3258 659 3337 episcopatui.
684 3258 746 3321 Sed
766 3276 824 3320 nec
841 3259 1022 3339 hujusmodi
1039 3260 1098 3321 be·

164 3350 373 3413 nediotionem
388 3371 455 3413 esse
470 3355 691 3431 necessariam,
707 3358 742 3417 ut
756 3354 909 3417 babemus
924 3376 962 3417 ex
980 3374 1051 3435 cap.
1070 3374 1093 3434 1,

164 3447 203 3508 de
218 3446 394 3526 supplenda
407 3449 610 3528 praelatorum
624 3450 826 3531 negligentia,
844 3455 875 3513 et
888 3471 927 3514 ex
945 3452 1097 3515 constitu·

163 3544 247 3605 tione
261 3543 406 3606 commissi
417 3544 534 3606 Bened.
552 3546 632 3607 XIV.
