2442 4125
346 300 386 344 ne
405 299 538 345 onracro
557 299 642 346 soors
664 299 820 348 canonrcr.
993 290 1048 349 281

94 444 297 508 terminatio
325 461 389 505 nou
421 443 502 506 adeo
528 444 629 508 facilis
652 448 700 508 eet
726 446 808 508 sicut
830 445 1051 508 determinatio

92 543 188 604 festi
203 539 381 602 Natiuitatis
394 541 519 602 Domini
532 545 565 604 et
577 541 659 602 sacri
674 540 848 603 Adventus.

153 638 256 696 Nemo
269 636 365 712 enim,
381 639 417 697 ot
430 636 480 697 vel
498 653 612 715 parum
630 637 663 697 in
687 636 817 700 historia
840 637 1052 700 ecclesiastice

96 736 261 796 versatus
282 733 382 794 nescit
408 734 566 796 celebrem
591 735 840 796 controversiam
862 739 965 796 ortam
992 737 1051 798 sub

95 830 212 891 finem
225 829 332 891 eaeculi
344 828 485 906 secundi,
500 830 585 892 eirca
604 831 766 892 Pasohetis
788 830 951 894 christiani
970 836 1050 896 cele·

96 928 311 988 brationem.
336 925 489 989 videlicet
510 926 672 989 christiani
703 925 756 1006 qui
781 927 812 988 in
841 930 916 990 Asia
936 931 1051 994 minori

98 1023 401 1098 commorabuntur,
416 1022 580 1084 Paschatis
602 1022 718 1084 testum
732 1023 892 1086 celebrare
906 1026 1050 1091 solebant

97 1135 189 1180 oum
202 1119 219 1179 J
222 1117 331 1194 udaeis,
347 1117 422 1178 lune
436 1121 487 1178 ii·
501 1117 619 1178 mensis
632 1117 739 1179 Nisan.
761 1120 818 1180 iist
831 1125 939 1183 autem
957 1137 1050 1182 men-

99 1214 159 1275 sio
173 1214 268 1273 Nisan
284 1211 403 1291 primns
422 1213 539 1274 mensis
552 1212 683 1290 lunaris,
700 1230 756 1275 eeu
781 1214 870 1295 cujus
894 1216 1049 1280 lunsx1v¹

98 1326 230 1386 nempe
252 1308 458 1387 plenilunium
479 1308 565 1371 eadit
585 1307 619 1368 in
642 1307 726 1370 diem
749 1311 837 1372 verni
857 1313 1047 1393 equinoctii,

97 1404 166 1466 vel
179 1422 278 1483 prope
290 1405 396 1483 ipsum
405 1405 561 1485 sequitur,

147 1499 277 1579 'Reliqui
300 1518 376 1562 vero
397 1498 570 1576 christiani,
590 1501 642 1562 vel
665 1501 706 1562 ab
733 1501 803 1582 ipsa
824 1503 1048 1580 Apostolorum

98 1596 217 1670 aetate,
236 1593 359 1654 Pascha
380 1593 517 1672 agebant
537 1592 693 1654 dominico
713 1593 764 1654 die
788 1593 842 1671 qui
857 1597 928 1671 poet
951 1595 1050 1672 eequi-

98 1689 601 1767 noctiumveruum,lunamx1v
617 1688 734 1750 mensis
755 1689 850 1750 Nisan
866 1689 1047 1752 immediate

101 1791 317 1868 sequeretur3
333 1805 392 1848 neo
406 1790 491 1848 certe
504 1785 694 1847 inconsulto.

151 1883 303 1945 Sciebant
316 1883 399 1944 enim
413 1883 536 1944 Pascha
548 1880 754 1944 christianum
765 1899 827 1944 non
842 1899 911 1943 esse
925 1882 1048 1943 Pascha

100 1979 227 2059 legale,
250 1978 305 2038 sed
328 1977 412 2038 diem
435 1976 583 2039 solemnis
606 1977 915 2040 commemorationis
935 1980 1047 2038 Resur-

102 2076 261 2137 rectionis
289 2075 413 2137 Christi.
435 2074 508 2136 Jam
529 2091 605 2135 vero
630 2072 772 2135 Christus
793 2090 856 2133 non
876 2074 1049 2134 resurrexit

105 2172 163 2233 die
178 2169 340 2231 Paschelis
352 2168 474 2249 legalis,
490 2168 546 2231 sed
560 2169 664 2249 prima
673 2167 797 2229 sabbati
811 2186 867 2230 seu
876 2167 1046 2244 dominica,

105 2282 184 2346 quae
198 2263 378 2325 immediate
393 2264 562 2325 consecuta
576 2269 625 2323 est
639 2261 760 2323 Pascha
773 2263 790 2323 J
794 2261 967 2323 udaeorum.

151 2359 216 2421 Sed
241 2349 348 2419 tamen
369 2356 519 2418 dissentio
538 2360 606 2418 erat
625 2374 704 2436 pure
726 2355 944 2436 disciplinaris,
961 2358 993 2417 et
1015 2356 1047 2415 in

106 2458 196 2519 fecto
220 2453 338 2533 posite,
376 2471 438 2533 quo
466 2452 534 2513 dies
561 2453 722 2515 Paschalis
753 2454 985 2535 anticipabatur
1007 2453 1047 2513 ab

108 2551 248 2627 Asianis,
264 2568 328 2611 non
341 2554 552 2611 mosaicorum
566 2549 684 2610 rituum
700 2549 980 2636 custodiendorum
994 2567 1050 2608 cu-

108 2648 256 2729 piditate,
271 2646 328 2707 sed
342 2645 457 2707 veteris
468 2645 686 2707 tantummodo
699 2644 876 2706 traditionis
885 2642 1048 2705 servandae

110 2760 202 2818 cura,
226 2758 322 2821 quam
344 2740 385 2801 ab
408 2740 550 2818 apostolo
571 2739 694 2799 Joanne
718 2737 894 2799 derivatam
917 2735 1049 2795 arbitre-

109 2839 239 2901 bantur.
257 2837 427 2914 Propterea
440 2834 527 2895 nulla
545 2833 646 2910 initio,
665 2834 724 2895 hac
748 2833 788 2894 de
815 2848 912 2894 causa
935 2831 968 2890 in
989 2831 1049 2890 lic-

110 2930 210 2993 clesia
222 2931 308 2990 mota
322 2931 370 2989 est
384 2925 607 2988 conuoversie.
626 2926 689 2987 Sed
703 2942 810 2986 rerum
828 2923 924 2984 iacies
937 2920 1049 2981 immu-

111 3030 179 3089 tata
194 3028 242 3087 est
254 3024 313 3086 sub
327 3023 423 3083 finem
431 3021 537 3084 seculi
552 3019 713 3101 equando
724 3018 854 3100 quaestio
868 3015 966 3095 ooepit
980 3032 1049 3075 esse

112 3122 303 3201 dogmatica.
320 3118 484 3199 Siquidem
498 3116 696 3180 Montenietae
712 3118 744 3177 et
756 3112 890 3189 Bleeius,
908 3112 1048 3172 eeclesiae

113 3233 252 3278 romanae
277 3215 453 3294 presbyter,
474 3230 615 3274 asserere
630 3210 833 3291 incipiebant,
850 3208 955 3271 divino
976 3207 1049 3289 jure

115 3312 301 3373 christianos
315 3310 415 3373 teneri
430 3326 503 3371 cum
515 3310 533 3371 J
536 3308 634 3371 udaeie
650 3309 821 3370 celebrare.

155 3407 272 3484 Victor,
290 3406 345 3490 qui
358 3412 434 3467 tunc
449 3408 608 3468 Romanus
623 3404 765 3466 Pontifex
786 3406 865 3481 erat,
881 3404 995 3466 timens
1010 3420 1049 3462 ne

116 3502 221 3563 Asiani
241 3502 385 3583 ejusdem
408 3501 523 3565 erroris
543 3499 714 3580 participes
735 3502 850 3575 essent,
867 3503 962 3577 etque
983 3495 1050 3573 ipse

919 3609 965 3663 id*
