2442 4125
317 351 355 395 nn
377 350 504 397 caruero
525 351 609 397 tunm
631 351 787 397 canonici.
979 340 1016 397 tl

125 492 276 555 Homines
289 492 330 553 ad
345 492 413 555 haec
427 492 594 571 'tyrocinia
614 492 743 555 &missi
762 491 938 568 erudiendi,
960 491 1019 555 do·

83 589 189 665 cendi,
201 606 304 669 graece
317 597 493 663 κατηχουμίνοι
503 588 587 667 quod
599 592 676 651 esta
688 597 809 661 κατηχίω,
818 589 840 650 i.
853 606 881 651 e.
894 587 1016 667 erudio,

83 685 195 761 doceo,
212 683 288 744 dicti
303 688 385 746 sunt.
403 691 590 755 κατηχούμενος
602 685 687 746 enim
701 686 750 745 est
763 683 816 763 qui
831 682 924 743 discit
942 682 1019 745 dcc-

81 780 200 842 trinam
228 797 283 839 seu
308 780 463 841 elementa
485 779 664 859 religionis;
689 786 845 850 unzin-n
869 778 922 857 qui
945 794 1017 839 eam

82 875 198 947 iradit3
223 884 372 948 κατηχισμὸς
394 881 425 935 et
447 885 588 949 κατήχησις,
613 874 776 937 instructio
801 873 834 953 (a
854 898 919 931 κατα
941 891 1015 951 por,

83 978 158 1043 ἠχέω,
175 970 275 1049 sono).
292 970 349 1031 Hic
368 970 647 1031 catechumenatus
668 968 827 1032 institutus
847 968 889 1029 ad
908 968 1018 1047 singu·

83 1066 188 1127 lorum
201 1066 306 1143 fldem,
329 1066 438 1143 vitam,
459 1066 600 1129 animum
619 1066 787 1146 diligenter
803 1065 1014 1145 probandum,

83 1161 225 1225 babebat
252 1167 354 1225 certos
380 1163 499 1243 gradus
527 1182 606 1243 quos
640 1162 823 1243 singillatim
856 1161 1016 1223 incurrere

84 1257 261 1337 oportebat,
277 1256 322 1319 ita
337 1262 372 1320 ut
386 1256 631 1321 catechumenus
644 1259 677 1319 iu
698 1276 732 1319 ra
755 1256 926 1319 christiana
945 1254 1018 1317 dili·

54 1380 65 1399 ·
83 1358 195 1431 genter
208 1351 427 1415 instrueretur.
446 1354 600 1415 Numerus
615 1358 722 1417 eutem
737 1354 850 1415 horum
859 1351 1017 1431 graduum

83 1464 147 1509 non
161 1447 286 1510 videtur
300 1449 447 1510 uniformi
457 1452 598 1511 retentus
609 1451 784 1531 disciplina.
797 1452 878 1511 Nam
887 1446 1016 1528 quidem

84 1543 164 1605 duos
172 1541 291 1604 fuciunt
301 1544 419 1624 gradus
429 1544 740 1623 catechumenorum,
747 1546 884 1606 alterum
893 1560 1016 1605 eorum-
1109 1550 1117 1563 ·

84 1654 163 1719 quos
185 1647 363 1713 ennevcpene,
387 1639 646 1719 imperfectiores,
671 1642 806 1704 rutarum
827 1654 1017 1716 eorumquos

85 1742 260 1806 canimenos,
288 1734 507 1814 perfectiores,
531 1738 700 1799 nocebant.
726 1738 774 1799 lta
795 1733 914 1815 pariter
936 1733 1016 1795 duos

84 1829 383 1893 catechumenorum
403 1831 532 1912 gradus,
555 1832 637 1895 alius
659 1832 805 1896 videlicet
826 1844 937 1891 eorum
962 1828 1016 1909 qui

83 1924 210 2004 proprie
239 1926 452 2006 catechumeni,
478 1931 510 1988 et
532 1928 614 1989 alius
632 1946 743 1991 eorum
757 1927 812 2008 qui
826 1933 1016 2005 competentes

85 2017 290 2097 vocabuntur,
306 2019 367 2082 hoc
381 2023 428 2082 est
442 2019 692 2098 imperfectiores
706 2024 738 2082 et
750 2016 952 2100 perfectiores
965 2033 1017 2077 re·

84 2117 192 2176 censet
205 2116 366 2195 Origenes,
383 2120 480 2195 Zeno,
496 2116 647 2193 Isidorus,
664 2116 824 2190 Rabanus,
841 2116 900 2174 etc.

123 2211 243 2272 Passim
256 2230 331 2274 vero
346 2213 513 2292 scriptores
528 2211 733 2274 ecclesiastici
747 2210 863 2271 docent
880 2214 944 2270 tres
962 2213 1017 2272 eut

83 2314 219 2387 quatuor
232 2307 327 2372 fuisse
340 2309 643 2372 catechumenorum
655 2309 784 2390 medus.
806 2305 929 2368 Primus
948 2309 1016 2368 erat

82 2403 262 2466 audientium
277 2407 342 2468 sive
357 2407 550 2484 auditorum,
567 2407 621 2487 qui
635 2407 783 2486 poterant
795 2403 829 2464 in
842 2400 1016 2464 Ecclesiam

82 2501 267 2578 convenire,
296 2503 447 2564 lectiones
474 2507 506 2564 et
533 2520 694 2564 sermones
720 2499 875 2573 auditum
905 2516 1016 2559 verum

81 2601 154 2660 aute
172 2615 284 2677 preces
302 2599 387 2661 exire
409 2599 603 2679 cogebantur
621 2599 777 2660 clamante
801 2595 958 2656 diacono:
980 2612 1016 2655 ne

79 2688 147 2770 puis
166 2687 358 2753 audientium.
385 2693 549 2755 Secundus
573 2698 643 2754 eret
665 2692 813 2753 orantium
837 2707 893 2750 seu
915 2704 1016 2766 genu-

78 2787 287 2863 flectentium,
302 2790 368 2853 sive
378 2799 606 2872 accinctorum,
625 2792 725 2872 quiin
739 2807 846 2870 genus
858 2786 1014 2868 provoluti

79 2883 216 2966 publicis
232 2887 377 2965 precibus
390 2889 565 2950 intererant
578 2893 610 2952 et
623 2890 727 2953 hlissoe
748 2904 847 2966 usquc
865 2883 906 2945 ed
924 2883 1016 2944 ofler-

78 2979 208 3060 torium,
226 2986 257 3044 et
270 2985 396 3063 proprie
411 2985 630 3047 catechumeni
644 2984 840 3046 dicebantur.
857 2980 907 3042 hd
921 2980 1016 3042 ofler-

78 3075 209 3156 torium,
231 3078 383 3141 diaconus
404 3081 562 3144 clamabat
584 3103 591 3144 :
617 3082 796 3160 &ecumque
819 3076 1017 3140 catechumeni

78 3171 215 3236 discedite
235 3195 247 3236 .·
271 3175 344 3238 hinc
368 3177 463 3240 Missa
487 3197 584 3259 usque
608 3178 650 3240 ad
674 3177 867 3240 offertorium
890 3173 1016 3236 dicebat

77 3271 172 3332 Misso
200 3274 484 3356 catechumenorum,
513 3279 585 3355 post
620 3275 826 3348 offertorium,
855 3269 1012 3332 Fidelium.

78 3365 204 3426 Tertius
219 3369 336 3446 gradus
352 3375 420 3431 erut
436 3369 667 3450 Competentiuin
682 3373 713 3430 et
725 3369 908 3443 Electnunr,
919 3379 1015 3443 quem

78 3462 133 3522 elii
147 3463 181 3522 in
195 3463 275 3526 duos
285 3467 403 3544 gradus
413 3466 621 3546 distinguunt,
633 3466 781 3528 videlicet
790 3460 963 3539 eorumqui
973 3458 1014 3519 ab

84 3555 234 3638 episcopo
249 3560 417 3624 examinati
436 3563 468 3623 et
481 3558 606 3642 probati
625 3559 752 3622 fuerunt
768 3558 810 3620 ad
822 3555 1013 3633 baptismum
