2442 4125
223 345 280 404 l32
429 353 659 400 ansrrrurrouus
680 352 762 399 runrs
785 348 943 399 canourcr.

260 507 291 563 2⁰
313 498 434 562 Mulieri
456 498 629 578 repudiatae
651 497 765 559 iterum
786 497 929 575 nubenti,
953 516 1022 559 non
1045 500 1169 581 infliget

220 616 348 678 poenam
360 594 561 675 lapidationis
576 598 610 655 ut
624 593 785 670 adulteria,
801 594 874 674 quia
889 613 948 673 per
962 613 1094 657 novum
1110 597 1170 659 coi·

221 700 300 770 tum,
315 696 484 773 postquam
494 690 590 751 aviro
606 690 805 766 discesserat,
818 708 880 751 non
890 693 1021 767 poterat
1035 693 1166 754 turbare

218 790 293 871 jura
305 787 523 863 successionis,
541 785 616 865 jura
635 785 808 864 sanguinis
825 785 909 864 quod
931 786 1096 848 damnum
1115 806 1167 867 po-

221 886 377 948 tissimum
394 903 433 945 ex
445 880 667 944 immoralitate
681 880 868 960 procedens,
883 882 935 941 lex
949 881 1007 943 illa
1019 884 1165 963 punitiva

224 983 460 1140 spedottaskddiindi
471 1072 620 1153 conjugii,
637 1072 762 1134 vivente
779 1072 877 1151 priori
890 1073 970 1150 viro,
987 1073 1162 1137 immorali-

107 1251 113 1261 ·
222 1174 322 1231 tatem
335 1169 524 1254 manifestat,
542 1168 669 1249 quando
689 1168 764 1229 dicit
783 1169 852 1229 fieri
870 1187 927 1247 per
941 1168 1034 1246 illud,
1054 1172 1160 1232 mulie

223 1284 292 1328 rem
304 1266 447 1347 pollutam
456 1264 715 1326 etotomincbilem
724 1282 822 1327 coram
833 1263 912 1343 Deo,·
926 1264 1004 1327 licet
1018 1266 1082 1345 eia,
1100 1269 1161 1347 opi·

225 1362 318 1423 nioue
339 1361 457 1439 populi,
481 1378 544 1420 uon
565 1360 737 1421 haberetur
756 1364 792 1423 ut
811 1360 956 1421 adultera
977 1380 1093 1424 coram
1111 1364 1159 1423 bo-

225 1461 382 1533 minibus;
400 1458 457 1526 sed
470 1462 623 1538 tanquam
644 1460 793 1535 scortum,
821 1458 871 1518 vel
894 1458 1122 1537 prostibulum,
1144 1477 1159 1518 a

224 1555 441 1618 sacerdotibus
454 1555 519 1615 Deo
533 1554 724 1616 consecratis
738 1553 812 1614 duci
825 1571 888 1613 non
904 1553 1040 1624 debere.

263 1652 406 1713 Profecto
421 1651 489 1711 haec
503 1649 673 1711 ostendunt
685 1649 845 1716 vinculum
863 1648 1086 1712 indissolubile
1099 1669 1159 1710 ma-

224 1747 363 1809 trimonii
377 1763 445 1805 esse
457 1744 548 1823 juxta
557 1744 610 1824 jus
625 1744 819 1807 abstractum
832 1749 864 1807 et
878 1745 1078 1823 perfeetum
1095 1747 1158 1808 licet

225 1840 430 1901 Hebraeorum
443 1839 583 1900 moribus
597 1839 680 1901 illius
695 1841 871 1902 observatio
885 1848 1072 1921 nonposset
1086 1841 1159 1903 obti-

227 1937 305 1997 neri.
321 1936 411 1999 Unde
433 1924 594 1997 oriebatur
613 1935 665 1996 lex
682 1942 831 2012 mosaica,
852 1942 1006 2015 tanquam
1026 1938 1082 1998 lex
1102 1954 1157 1997 uon

224 2032 399 2118 dopmatico,
415 2033 469 2095 sed
490 2031 704 2113 disciplinaris,
721 2052 785 2114 qua
805 2032 907 2113 majus
930 2032 1055 2094 bonum
1080 2030 1157 2114 quod

221 2131 313 2212 juxta
326 2131 575 2193 circumstantias
584 2133 690 2209 posset
704 2130 849 2207 obtineri,
867 2130 1083 2207 obtineretur3
1099 2149 1155 2190 ma·

221 2228 275 2306 jus
288 2229 407 2288 malum
422 2227 507 2307 quod
524 2229 631 2306 posset
644 2225 747 2302 vitari,
764 2225 925 2288 vitaretur.
942 2227 991 2286 lta
1010 2226 1065 2285 lex
1081 2227 1152 2304 ipsa,

225 2323 258 2380 iu
273 2327 418 2383 concreto
429 2323 598 2385 etrclative
614 2322 654 2383 ad
668 2323 918 2383 circumstantias
927 2322 1073 2400 perfecta
1083 2326 1152 2396 erat,

226 2415 300 2494 quia
314 2434 384 2475 eam
399 2418 623 2494 perfectionem
637 2419 807 2496 obtinebat,
825 2437 895 2497 quae
914 2419 1082 2497 potuisset,
1098 2420 1154 2478 ins·

224 2513 324 2593 pectis
341 2512 460 2574 viribus
477 2516 595 2596 populi,
618 2520 649 2578 et
668 2517 751 2577 vires
769 2515 968 2578 subditorum
986 2515 1050 2578 hoe
1067 2514 1151 2576 modo

225 2610 442 2672 exhauriebat.

264 2709 310 2769 lta
320 2707 374 2788 jus
388 2712 561 2768 mosaicum
576 2706 756 2770 continebat
773 2705 925 2786 populum
942 2706 977 2768 in
992 2708 1104 2768 ordine
1117 2704 1151 2766 ad

224 2796 361 2883 primum
383 2807 414 2864 et
433 2802 606 2864 secundum
627 2803 763 2864 stadium
784 2802 1020 2882 depravationis
1041 2821 1151 2864 connu-

223 2901 359 2962 biorum.
376 2933 417 2944 -
432 2898 572 2960 Tertium
589 2899 726 2960 stadium
745 2898 980 2979 degradationis
1000 2896 1151 2978 prohibuit

225 2999 256 3056 et
276 2994 416 3056 cohibuit
436 2993 574 3069 omnino,
596 2973 813 3054 interdicendo
835 2993 977 3054 absolute
1000 2989 1151 3054 connubia

223 3089 305 3151 inter
319 3090 477 3168 proximos
492 3089 742 3168 consanguineos
756 3093 788 3151 et
807 3089 927 3166 affines,
944 3092 977 3150 et
996 3107 1089 3151 usum
1103 3104 1151 3146 ne-

225 3180 311 3242 faria
326 3186 358 3244 et
371 3201 460 3262 vagae
474 3182 598 3244 veneris
613 3181 801 3261 prohibebat
814 3179 968 3244 absolute.

266 3276 328 3337 Sed
348 3282 502 3356 praterea
519 3279 581 3340 duo
596 3280 707 3341 habuit
721 3280 869 3358 specialia
881 3279 988 3358 capita
1001 3277 1150 3359 legislatio

225 3377 364 3432 mosaica
376 3373 408 3432 in
422 3374 531 3435 ordine
546 3376 587 3436 ad
601 3376 853 3437 matrimonium:

265 3468 296 3524 1⁰
311 3468 352 3526 Ut
364 3467 563 3559 matrimonia
575 3469 658 3530 inter
671 3470 823 3548 populum
838 3468 1003 3548 judalcum
1019 3468 1151 3530 coutine-

227 3562 335 3619 rentur
349 3563 493 3636 respectu
507 3561 659 3636 gentium.
