2442 4125
225 307 282 368 186
433 319 661 366 rusrmurronss
681 321 765 366 runis
786 321 940 368 amorrei.

222 469 337 528 statum
354 469 542 544 perpetuum
563 462 729 538 individui,
754 466 786 525 et
807 467 854 525 est
875 463 1074 528 difficillimae
1098 468 1152 528 dis

221 560 432 643 pensationis3
449 562 560 620 eontra
573 559 688 620 accidit
704 559 738 618 iu
752 559 833 620 votis
847 560 1059 637 simplicibus.

260 658 350 720 Unde
365 657 496 716 firmitas
511 655 657 733 quaedam
672 657 739 716 tum
757 656 843 732 apud
861 657 971 733 Deum,
987 663 1065 718 tum
1077 659 1151 738 apud

220 754 403 829 Ecclesiam,
420 751 565 831 provenit
578 749 659 810 votis
673 750 877 839 solemnibus,
895 754 926 812 et
939 753 1096 830 qnaedam
1108 772 1150 832 pe

220 851 344 912 culiaris
365 845 640 926 incompatibilitas
656 849 687 906 et
704 847 913 926 repugnantia
926 849 993 910 voli
1008 850 1151 911 solemnis

220 944 372 1008 castitatis
387 949 418 1003 et
431 947 530 1005 status
545 941 730 1022 conjugalis.

258 1041 335 1102 Inde
350 1039 515 1100 considera
530 1038 687 1118 quomodo
703 1057 775 1100 cum
789 1041 862 1100 voto
882 1041 1023 1102 solemni
1037 1044 1150 1104 castita·

219 1138 258 1198 tis
281 1139 482 1214 eomparatur
505 1135 582 1196 ordo
606 1151 705 1211 sacer,
733 1135 787 1214 qui
810 1136 971 1198 etiamad
995 1139 1149 1219 quoddam

216 1231 289 1292 vitae
304 1248 404 1310 genus
419 1247 526 1290 coram
536 1231 600 1290 Deo
612 1235 644 1289 et
653 1247 759 1290 coram
769 1230 920 1307 Ecclesia,
933 1231 976 1291 ad
985 1233 1150 1312 quemdam
1203 1282 1204 1295 2

218 1327 333 1386 statum
355 1324 556 1385 immobiliter
577 1325 768 1386 servandum
789 1325 990 1405 determinat,
1011 1329 1069 1408 qui
1089 1329 1149 1389 vite
1203 1350 1204 1429 p

218 1424 316 1483 status
338 1423 385 1482 est
405 1420 647 1498 incompatibilis
676 1439 747 1482 cnm
768 1423 979 1484 matrimonio.
1008 1427 1092 1486 Cum
1110 1440 1147 1482 so
1203 1436 1204 1467 1

217 1518 313 1580 lemni
336 1521 442 1581 autem
463 1521 535 1580 voto
562 1517 714 1579 castitatis
735 1537 797 1579 non
819 1523 1029 1598 comparatur
1052 1524 1146 1582 voum
1203 1558 1204 1599 ,

217 1615 349 1694 simplex
364 1614 525 1690 castitatis,
543 1613 627 1692 quod
643 1614 795 1676 emittitur
807 1615 840 1674 in
858 1615 928 1676 eliis
946 1617 1145 1696 religionibus
1203 1606 1204 1631 ¹

216 1711 318 1769 minus
340 1709 520 1769 solemniter
535 1708 575 1768 ab
594 1709 736 1770 Ecclesia
755 1710 948 1789 approbatis,
972 1713 1054 1791 quia
1069 1714 1099 1772 in
1115 1710 1145 1770 iis
1203 1758 1204 1765 ,

217 1819 278 1863 non
293 1804 337 1862 sic
352 1801 579 1862 determinatur
589 1806 620 1864 et
630 1803 778 1884 deligitur
787 1811 960 1884 perpetuus
969 1810 1143 1884 statusper-

216 1915 312 1975 sonae,
329 1897 410 1959 siout
423 1898 455 1957 in
470 1897 602 1958 solemni
615 1900 820 1978 professione.
1203 1968 1204 1983 ,

255 1995 286 2052 2⁰
306 1994 422 2056 Votum
436 1992 575 2053 solemne
591 1993 742 2054 castitatis
757 1993 843 2075 quod
856 1995 1012 2057 emittitur
1030 1995 1064 2056 in
1081 2008 1141 2073 pro·
1203 1986 1204 2027 l

215 2091 349 2153 sessione
370 2091 528 2172 religiosa,
546 2090 677 2169 reperiri
691 2091 787 2155 debet
804 2110 929 2172 semper
946 2094 1140 2175 conjunctum

215 2205 288 2247 cum
302 2192 375 2250 voto
391 2188 584 2267 paupertatis
599 2193 631 2247 ct
645 2186 842 2266 obedientiae,
854 2193 1018 2267 perpetuae
1031 2188 1140 2252 cuidam

214 2284 344 2359 regulae,
362 2300 435 2343 cum
457 2283 595 2363 quadam
616 2283 711 2361 plena
731 2284 940 2363 expoliatione
962 2290 993 2347 et
1007 2285 1141 2347 absoluta

91 2371 94 2377 '
214 2375 456 2453 renuntiatione,
473 2382 504 2438 et
523 2379 775 2458 expropriatioue
796 2382 931 2460 propriae
952 2378 1138 2461 personaein

213 2469 354 2530 favorem
368 2472 504 2551 regulee3
521 2474 565 2535 ita
578 2481 614 2535 ut
627 2476 786 2554 professus
800 2494 864 2537 non
882 2477 999 2539 habeat
1014 2476 1139 2555 amplius
1203 2541 1204 2560 ἢ

213 2566 260 2627 sui
276 2566 425 2643 corporis,
449 2564 661 2649 suimetipsius
682 2576 882 2651 potestatem,
903 2574 960 2633 sed
975 2573 1094 2653 regula
1106 2567 1138 2628 sit

212 2667 363 2742 perpetuo
388 2664 603 2743 mancipatus:
632 2667 717 2745 quod
744 2667 888 2729 absolute
910 2663 1137 2748 incompatibile

212 2765 259 2824 cst
273 2778 344 2823 cum
359 2764 441 2822 stetu
451 2761 685 2823 matrimoniali.
839 2822 842 2825 ,

251 2859 325 2919 Haec
340 2856 445 2917 omnia
459 2856 681 2920 desiderantur
698 2859 731 2918 iu
750 2863 822 2921 voto
837 2858 970 2938 simplici
984 2858 1135 2939 perpetue

210 2953 372 3029 eastitatis,
394 2957 426 3015 et
440 2953 466 3013 si
480 2952 707 3033 aliquantisper
721 2955 920 3016 inveniantur
932 2956 966 3015 in
979 2955 1062 3017 votis
1071 2952 1134 3011 sim·

209 3049 342 3126 plicibus
363 3067 432 3129 quae
453 3048 639 3110 emittuntur
654 3051 688 3109 in
704 3051 897 3129 professione
915 3052 1072 3130 religiosa,
1088 3041 1134 3105 ubi
1203 3133 1204 3142 ἵ

210 3142 318 3219 religio
334 3160 397 3203 non
412 3147 459 3204 est
473 3142 649 3222 approbata
659 3161 731 3203 cum
741 3144 888 3207 facultate
899 3143 1060 3207 emittendi
1070 3141 1131 3200 vota
1203 3151 1204 3178 ¹

125 3238 130 3246 '
209 3234 373 3312 solemnia,
397 3255 469 3297 cum
490 3244 599 3299 votum
618 3239 759 3317 simplex,
777 3244 812 3301 ut
831 3259 928 3319 supra
948 3241 1129 3306 dicebamus,

210 3345 273 3387 non
287 3329 331 3387 sic
351 3330 495 3392 absolute
511 3333 641 3395 definiat
654 3338 771 3395 statum
784 3354 927 3416 personae
942 3337 1021 3399 sient
1033 3335 1129 3395 votum

209 3422 358 3499 solemne,
380 3442 576 3505 consequens
596 3433 691 3492 estut
709 3431 765 3491 illa
777 3432 922 3495 absoluta
940 3437 972 3495 et
989 3431 1127 3511 perpetua

208 3519 388 3579 inhabilitus
403 3524 434 3582 et
448 3522 740 3603 incompossibilitas
757 3547 819 3590 uon
835 3532 1017 3609 reperiatur.
1203 3499 1204 3536 ¹
