<?xml version="1.0" encoding="UTF-8"?>
<!DOCTYPE html PUBLIC "-//W3C//DTD XHTML 1.0 Transitional//EN"
    "http://www.w3.org/TR/xhtml1/DTD/xhtml1-transitional.dtd">
<html xmlns="http://www.w3.org/1999/xhtml" xml:lang="en" lang="en">
 <head>
  <title>
</title>
<meta http-equiv="Content-Type" content="text/html;charset=utf-8" />
  <meta name='ocr-system' content='tesseract 3.04.00' />
  <meta name='ocr-capabilities' content='ocr_page ocr_carea ocr_par ocr_line ocrx_word'/>
</head>
<body>
  <div class='ocr_page' id='page_1' title='image "./institutionesju04marigoog_0346.png"; bbox 0 0 2442 4125; ppageno 0'>
   <div class='ocr_carea' id='block_1_1' title="bbox 160 287 883 348">
    <p class='ocr_par' dir='ltr' id='par_1_1' title="bbox 160 287 883 348">
     <span class='ocr_line' id='line_1_1' title="bbox 160 287 883 348; baseline -0.003 -2"><span class='ocrx_word' id='word_1_1' title='bbox 160 287 220 348; x_wconf 83' lang='grc'>336</span> <span class='ocrx_word' id='word_1_2' title='bbox 370 297 602 345; x_wconf 82' lang='lat' dir='ltr'>msrrrurronns</span> <span class='ocrx_word' id='word_1_3' title='bbox 622 298 705 344; x_wconf 79' lang='lat' dir='ltr'>rums</span> <span class='ocrx_word' id='word_1_4' title='bbox 727 299 883 346; x_wconf 72' lang='lat' dir='ltr'>canorum.</span> 
     </span>
    </p>
   </div>
   <div class='ocr_carea' id='block_1_2' title="bbox 157 441 1165 3589">
    <p class='ocr_par' dir='ltr' id='par_1_2' title="bbox 160 441 1096 1001">
     <span class='ocr_line' id='line_1_2' title="bbox 160 441 1092 527; baseline 0 -20"><span class='ocrx_word' id='word_1_5' title='bbox 160 446 212 508; x_wconf 83' lang='lat' dir='ltr'>vel</span> <span class='ocrx_word' id='word_1_6' title='bbox 226 443 350 506; x_wconf 92' lang='lat' dir='ltr'>mobilis</span> <span class='ocrx_word' id='word_1_7' title='bbox 364 443 511 522; x_wconf 78' lang='lat' dir='ltr'>praetiosa</span> <span class='ocrx_word' id='word_1_8' title='bbox 523 441 606 504; x_wconf 82' lang='lat' dir='ltr'>foret</span> <span class='ocrx_word' id='word_1_9' title='bbox 615 441 831 519; x_wconf 87' lang='lat' dir='ltr'>distrahenda,</span> <span class='ocrx_word' id='word_1_10' title='bbox 846 443 878 503; x_wconf 95' lang='lat' dir='ltr'>in</span> <span class='ocrx_word' id='word_1_11' title='bbox 887 445 1012 522; x_wconf 90' lang='lat' dir='ltr'>synodo</span> <span class='ocrx_word' id='word_1_12' title='bbox 1023 465 1092 527; x_wconf 80' lang='lat' dir='ltr'>pro</span> 
     </span>
     <span class='ocr_line' id='line_1_3' title="bbox 161 539 1095 605; baseline 0.002 -2"><span class='ocrx_word' id='word_1_13' title='bbox 161 542 272 603; x_wconf 88' lang='lat' dir='ltr'>vinciae</span> <span class='ocrx_word' id='word_1_14' title='bbox 287 541 326 602; x_wconf 91' lang='lat' dir='ltr'>de</span> <span class='ocrx_word' id='word_1_15' title='bbox 337 539 525 601; x_wconf 80' lang='lat' dir='ltr'><strong>alienatione</strong></span> <span class='ocrx_word' id='word_1_16' title='bbox 537 539 770 601; x_wconf 78' lang='lat' dir='ltr'>decerneretur.</span> <span class='ocrx_word' id='word_1_17' title='bbox 783 540 917 601; x_wconf 86' lang='lat' dir='ltr'>Domum</span> <span class='ocrx_word' id='word_1_18' title='bbox 930 558 1007 602; x_wconf 93' lang='lat' dir='ltr'>cum</span> <span class='ocrx_word' id='word_1_19' title='bbox 1016 543 1095 605; x_wconf 89' lang='lat' dir='ltr'>forte</span> 
     </span>
     <span class='ocr_line' id='line_1_4' title="bbox 162 634 1096 716; baseline 0.004 -20"><span class='ocrx_word' id='word_1_20' title='bbox 162 635 275 714; x_wconf 87' lang='lat' dir='ltr'>synodi</span> <span class='ocrx_word' id='word_1_21' title='bbox 286 636 459 696; x_wconf 87' lang='lat' dir='ltr'>evasissent</span> <span class='ocrx_word' id='word_1_22' title='bbox 467 634 614 711; x_wconf 89' lang='lat' dir='ltr'>rariores,</span> <span class='ocrx_word' id='word_1_23' title='bbox 626 653 665 695; x_wconf 89' lang='lat' dir='ltr'>ea</span> <span class='ocrx_word' id='word_1_24' title='bbox 674 634 733 695; x_wconf 88' lang='lat' dir='ltr'>fuit</span> <span class='ocrx_word' id='word_1_25' title='bbox 741 635 873 697; x_wconf 87' lang='lat' dir='ltr'>inducta</span> <span class='ocrx_word' id='word_1_26' title='bbox 883 635 1051 716; x_wconf 81' lang='lat' dir='ltr'>disciplina</span> <span class='ocrx_word' id='word_1_27' title='bbox 1063 643 1096 700; x_wconf 92' lang='lat' dir='ltr'>ut</span> 
     </span>
     <span class='ocr_line' id='line_1_5' title="bbox 162 729 1094 810; baseline -0.002 -17"><span class='ocrx_word' id='word_1_28' title='bbox 162 731 309 794; x_wconf 79' lang='lat' dir='ltr'>alienatio</span> <span class='ocrx_word' id='word_1_29' title='bbox 323 732 419 793; x_wconf 86' lang='lat' dir='ltr'>totius</span> <span class='ocrx_word' id='word_1_30' title='bbox 432 731 508 792; x_wconf 85' lang='lat' dir='ltr'>cleri</span> <span class='ocrx_word' id='word_1_31' title='bbox 525 747 681 791; x_wconf 90' lang='lat' dir='ltr'>consensu</span> <span class='ocrx_word' id='word_1_32' title='bbox 698 733 730 791; x_wconf 89' lang='lat' dir='ltr'>et</span> <span class='ocrx_word' id='word_1_33' title='bbox 751 729 981 807; x_wconf 80' lang='lat' dir='ltr'>subscriptione</span> <span class='ocrx_word' id='word_1_34' title='bbox 1001 735 1094 810; x_wconf 86' lang='lat' dir='ltr'>atque</span> 
     </span>
     <span class='ocr_line' id='line_1_6' title="bbox 161 826 1091 907; baseline -0.002 -18"><span class='ocrx_word' id='word_1_35' title='bbox 161 828 309 907; x_wconf 79' lang='lat' dir='ltr'>Episcopi</span> <span class='ocrx_word' id='word_1_36' title='bbox 322 826 508 889; x_wconf 88' lang='lat' dir='ltr'>auctoritate</span> <span class='ocrx_word' id='word_1_37' title='bbox 523 826 745 888; x_wconf 82' lang='lat' dir='ltr'>celebraretur.</span> <span class='ocrx_word' id='word_1_38' title='bbox 768 827 845 887; x_wconf 88' lang='lat' dir='ltr'>Gan.</span> <span class='ocrx_word' id='word_1_39' title='bbox 862 829 913 902; x_wconf 72' lang='lat'>52,</span> <span class='ocrx_word' id='word_1_40' title='bbox 933 828 986 903; x_wconf 84' lang='lat'>53,</span> <span class='ocrx_word' id='word_1_41' title='bbox 1009 845 1091 888; x_wconf 86' lang='lat' dir='ltr'>caus.</span> 
     </span>
     <span class='ocr_line' id='line_1_7' title="bbox 163 928 305 1001; baseline -0.014 -15"><span class='ocrx_word' id='word_1_42' title='bbox 163 928 213 1001; x_wconf 68' lang='lat' dir='ltr'>lt,</span> <span class='ocrx_word' id='word_1_43' title='bbox 228 928 258 1001; x_wconf 84' lang='grc'>9,</span> <span class='ocrx_word' id='word_1_44' title='bbox 274 928 305 984; x_wconf 81' lang='lat'>2.</span> 
     </span>
    </p>

    <p class='ocr_par' dir='ltr' id='par_1_3' title="bbox 162 1016 1165 2441">
     <span class='ocr_line' id='line_1_8' title="bbox 202 1016 1097 1098; baseline -0.003 -15"><span class='ocrx_word' id='word_1_45' title='bbox 202 1023 280 1083; x_wconf 80' lang='lat' dir='ltr'>Cum</span> <span class='ocrx_word' id='word_1_46' title='bbox 294 1037 369 1082; x_wconf 82' lang='lat' dir='ltr'>vero</span> <span class='ocrx_word' id='word_1_47' title='bbox 384 1019 478 1081; x_wconf 88' lang='lat' dir='ltr'>hodie</span> <span class='ocrx_word' id='word_1_48' title='bbox 493 1019 626 1098; x_wconf 85' lang='lat' dir='ltr'>collegia</span> <span class='ocrx_word' id='word_1_49' title='bbox 639 1036 695 1078; x_wconf 88' lang='lat' dir='ltr'>sen</span> <span class='ocrx_word' id='word_1_50' title='bbox 710 1016 847 1097; x_wconf 91' lang='lat' dir='ltr'>capitula</span> <span class='ocrx_word' id='word_1_51' title='bbox 870 1017 1097 1080; x_wconf 87' lang='lat' dir='ltr'>canonicorum</span> 
     </span>
     <span class='ocr_line' id='line_1_9' title="bbox 162 1112 1097 1195; baseline -0.003 -18"><span class='ocrx_word' id='word_1_52' title='bbox 162 1117 248 1177; x_wconf 88' lang='lat' dir='ltr'>vices</span> <span class='ocrx_word' id='word_1_53' title='bbox 261 1117 375 1195; x_wconf 88' lang='lat' dir='ltr'>gerant</span> <span class='ocrx_word' id='word_1_54' title='bbox 387 1114 474 1189; x_wconf 91' lang='lat' dir='ltr'>cleri,</span> <span class='ocrx_word' id='word_1_55' title='bbox 490 1115 516 1174; x_wconf 91' lang='lat' dir='ltr'>si</span> <span class='ocrx_word' id='word_1_56' title='bbox 531 1132 595 1194; x_wconf 90' lang='lat' dir='ltr'>qua</span> <span class='ocrx_word' id='word_1_57' title='bbox 607 1113 692 1174; x_wconf 92' lang='lat' dir='ltr'>bona</span> <span class='ocrx_word' id='word_1_58' title='bbox 706 1113 919 1175; x_wconf 88' lang='lat' dir='ltr'>ecclesiastica</span> <span class='ocrx_word' id='word_1_59' title='bbox 933 1112 975 1172; x_wconf 92' lang='lat' dir='ltr'>ad</span> <span class='ocrx_word' id='word_1_60' title='bbox 989 1113 1097 1174; x_wconf 78' lang='lat' dir='ltr'>Eccle-</span> 
     </span>
     <span class='ocr_line' id='line_1_10' title="bbox 162 1207 1165 1292; baseline -0.003 -21"><span class='ocrx_word' id='word_1_61' title='bbox 162 1213 243 1271; x_wconf 89' lang='lat' dir='ltr'>siam</span> <span class='ocrx_word' id='word_1_62' title='bbox 257 1210 472 1272; x_wconf 82' lang='lat' dir='ltr'>cathedralem</span> <span class='ocrx_word' id='word_1_63' title='bbox 486 1208 687 1288; x_wconf 85' lang='lat' dir='ltr'>pertinentia,</span> <span class='ocrx_word' id='word_1_64' title='bbox 711 1207 762 1268; x_wconf 88' lang='lat' dir='ltr'>vcl</span> <span class='ocrx_word' id='word_1_65' title='bbox 785 1207 826 1268; x_wconf 89' lang='lat' dir='ltr'>ad</span> <span class='ocrx_word' id='word_1_66' title='bbox 849 1223 995 1267; x_wconf 89' lang='lat' dir='ltr'>mensam</span> <span class='ocrx_word' id='word_1_67' title='bbox 1018 1209 1097 1286; x_wconf 88' lang='lat' dir='ltr'>epis·</span> <span class='ocrx_word' id='word_1_68' title='bbox 1162 1289 1165 1292; x_wconf 10' lang='grc' dir='ltr'><strong>Δ</strong></span> 
     </span>
     <span class='ocr_line' id='line_1_11' title="bbox 163 1303 1098 1382; baseline -0.004 -15"><span class='ocrx_word' id='word_1_69' title='bbox 163 1304 306 1382; x_wconf 74' lang='lat' dir='ltr'>copulem</span> <span class='ocrx_word' id='word_1_70' title='bbox 320 1305 370 1365; x_wconf 91' lang='lat' dir='ltr'>vel</span> <span class='ocrx_word' id='word_1_71' title='bbox 384 1303 426 1364; x_wconf 89' lang='lat' dir='ltr'>ad</span> <span class='ocrx_word' id='word_1_72' title='bbox 440 1304 614 1382; x_wconf 90' lang='lat' dir='ltr'>capitulum</span> <span class='ocrx_word' id='word_1_73' title='bbox 627 1303 733 1378; x_wconf 87' lang='lat' dir='ltr'>vendi,</span> <span class='ocrx_word' id='word_1_74' title='bbox 757 1304 932 1382; x_wconf 85' lang='lat' dir='ltr'>permutari</span> <span class='ocrx_word' id='word_1_75' title='bbox 956 1307 1014 1364; x_wconf 88' lang='lat' dir='ltr'>aut</span> <span class='ocrx_word' id='word_1_76' title='bbox 1037 1303 1098 1364; x_wconf 87' lang='lat' dir='ltr'>alia</span> 
     </span>
     <span class='ocr_line' id='line_1_12' title="bbox 162 1398 1098 1479; baseline -0.003 -17"><span class='ocrx_word' id='word_1_77' title='bbox 162 1401 285 1464; x_wconf 89' lang='lat' dir='ltr'>ratione</span> <span class='ocrx_word' id='word_1_78' title='bbox 308 1398 439 1460; x_wconf 88' lang='lat' dir='ltr'>alienari</span> <span class='ocrx_word' id='word_1_79' title='bbox 461 1399 569 1474; x_wconf 88' lang='lat' dir='ltr'>velint,</span> <span class='ocrx_word' id='word_1_80' title='bbox 594 1399 766 1479; x_wconf 87' lang='lat' dir='ltr'>requiritur</span> <span class='ocrx_word' id='word_1_81' title='bbox 792 1405 827 1460; x_wconf 88' lang='lat' dir='ltr'>ut</span> <span class='ocrx_word' id='word_1_82' title='bbox 850 1400 1003 1477; x_wconf 79' lang='lat' dir='ltr'>praelatus</span> <span class='ocrx_word' id='word_1_83' title='bbox 1026 1417 1098 1460; x_wconf 92' lang='lat' dir='ltr'>cum</span> 
     </span>
     <span class='ocr_line' id='line_1_13' title="bbox 164 1493 1098 1576; baseline -0.005 -18"><span class='ocrx_word' id='word_1_84' title='bbox 164 1495 301 1576; x_wconf 85' lang='lat' dir='ltr'>capitulo</span> <span class='ocrx_word' id='word_1_85' title='bbox 316 1494 367 1556; x_wconf 87' lang='lat' dir='ltr'>vel</span> <span class='ocrx_word' id='word_1_86' title='bbox 380 1493 512 1574; x_wconf 87' lang='lat' dir='ltr'>collegio</span> <span class='ocrx_word' id='word_1_87' title='bbox 526 1493 585 1555; x_wconf 85' lang='lat' dir='ltr'>rite</span> <span class='ocrx_word' id='word_1_88' title='bbox 604 1494 761 1557; x_wconf 87' lang='lat' dir='ltr'>adunatus</span> <span class='ocrx_word' id='word_1_89' title='bbox 781 1494 939 1556; x_wconf 86' lang='lat' dir='ltr'>consultet</span> <span class='ocrx_word' id='word_1_90' title='bbox 959 1511 1002 1556; x_wconf 92' lang='lat' dir='ltr'>an</span> <span class='ocrx_word' id='word_1_91' title='bbox 1024 1511 1098 1555; x_wconf 92' lang='lat' dir='ltr'>con·</span> 
     </span>
     <span class='ocr_line' id='line_1_14' title="bbox 164 1590 1097 1670; baseline -0.002 -16"><span class='ocrx_word' id='word_1_92' title='bbox 164 1593 261 1654; x_wconf 86' lang='lat' dir='ltr'>ducat</span> <span class='ocrx_word' id='word_1_93' title='bbox 273 1609 373 1653; x_wconf 89' lang='lat' dir='ltr'>necne</span> <span class='ocrx_word' id='word_1_94' title='bbox 386 1591 532 1653; x_wconf 87' lang='lat' dir='ltr'>alienatio</span> <span class='ocrx_word' id='word_1_95' title='bbox 547 1590 589 1653; x_wconf 94' lang='lat' dir='ltr'>ad</span> <span class='ocrx_word' id='word_1_96' title='bbox 595 1591 743 1654; x_wconf 80' lang='lat' dir='ltr'>Ecclesiae</span> <span class='ocrx_word' id='word_1_97' title='bbox 760 1591 936 1667; x_wconf 86' lang='lat' dir='ltr'>utilitatem,</span> <span class='ocrx_word' id='word_1_98' title='bbox 946 1609 1051 1670; x_wconf 88' lang='lat' dir='ltr'>eoque</span> <span class='ocrx_word' id='word_1_99' title='bbox 1066 1591 1097 1652; x_wconf 94' lang='lat' dir='ltr'>in</span> 
     </span>
     <span class='ocr_line' id='line_1_15' title="bbox 165 1687 1098 1768; baseline -0.002 -20"><span class='ocrx_word' id='word_1_100' title='bbox 165 1687 292 1768; x_wconf 85' lang='lat' dir='ltr'>negotio</span> <span class='ocrx_word' id='word_1_101' title='bbox 307 1687 463 1749; x_wconf 87' lang='lat' dir='ltr'>sententia</span> <span class='ocrx_word' id='word_1_102' title='bbox 478 1688 584 1749; x_wconf 87' lang='lat' dir='ltr'>valeat</span> <span class='ocrx_word' id='word_1_103' title='bbox 605 1705 675 1766; x_wconf 84' lang='lat' dir='ltr'>quae</span> <span class='ocrx_word' id='word_1_104' title='bbox 700 1688 836 1766; x_wconf 92' lang='lat' dir='ltr'>capitulo</span> <span class='ocrx_word' id='word_1_105' title='bbox 861 1687 1023 1764; x_wconf 88' lang='lat' dir='ltr'>universo,</span> <span class='ocrx_word' id='word_1_106' title='bbox 1049 1687 1098 1748; x_wconf 87' lang='lat' dir='ltr'>vel</span> 
     </span>
     <span class='ocr_line' id='line_1_16' title="bbox 164 1782 1097 1862; baseline -0.002 -16"><span class='ocrx_word' id='word_1_107' title='bbox 164 1785 277 1846; x_wconf 86' lang='lat' dir='ltr'>saltem</span> <span class='ocrx_word' id='word_1_108' title='bbox 290 1783 405 1862; x_wconf 87' lang='lat' dir='ltr'>majori</span> <span class='ocrx_word' id='word_1_109' title='bbox 418 1782 500 1860; x_wconf 85' lang='lat' dir='ltr'>parti</span> <span class='ocrx_word' id='word_1_110' title='bbox 514 1783 677 1862; x_wconf 87' lang='lat' dir='ltr'>placuerit.</span> <span class='ocrx_word' id='word_1_111' title='bbox 691 1784 781 1856; x_wconf 88' lang='lat' dir='ltr'>Quod</span> <span class='ocrx_word' id='word_1_112' title='bbox 791 1783 983 1844; x_wconf 80' lang='lat' dir='ltr'>sisermo&#39;sit</span> <span class='ocrx_word' id='word_1_113' title='bbox 993 1783 1034 1845; x_wconf 92' lang='lat' dir='ltr'>de</span> <span class='ocrx_word' id='word_1_114' title='bbox 1044 1783 1097 1844; x_wconf 89' lang='lat' dir='ltr'>bo·</span> 
     </span>
     <span class='ocr_line' id='line_1_17' title="bbox 164 1879 1097 1960; baseline 0 -19"><span class='ocrx_word' id='word_1_115' title='bbox 164 1881 212 1941; x_wconf 95' lang='lat' dir='ltr'>nis</span> <span class='ocrx_word' id='word_1_116' title='bbox 228 1879 457 1959; x_wconf 88' lang='lat' dir='ltr'>pertinentibus</span> <span class='ocrx_word' id='word_1_117' title='bbox 471 1879 520 1941; x_wconf 90' lang='lat' dir='ltr'>vel</span> <span class='ocrx_word' id='word_1_118' title='bbox 534 1879 575 1940; x_wconf 91' lang='lat' dir='ltr'>ad</span> <span class='ocrx_word' id='word_1_119' title='bbox 583 1880 756 1958; x_wconf 86' lang='lat' dir='ltr'>capitulum</span> <span class='ocrx_word' id='word_1_120' title='bbox 765 1880 910 1941; x_wconf 76' lang='lat' dir='ltr'>Ecclesia</span> <span class='ocrx_word' id='word_1_121' title='bbox 919 1880 1097 1960; x_wconf 78' lang='lat' dir='ltr'>collegiata</span> 
     </span>
     <span class='ocr_line' id='line_1_18' title="bbox 164 1972 1098 2051; baseline 0 -16"><span class='ocrx_word' id='word_1_122' title='bbox 164 1975 215 2035; x_wconf 90' lang='lat' dir='ltr'>vel</span> <span class='ocrx_word' id='word_1_123' title='bbox 229 1974 270 2034; x_wconf 92' lang='lat' dir='ltr'>ad</span> <span class='ocrx_word' id='word_1_124' title='bbox 292 1974 530 2049; x_wconf 86' lang='lat' dir='ltr'>monasterium,</span> <span class='ocrx_word' id='word_1_125' title='bbox 546 1973 616 2051; x_wconf 92' lang='lat' dir='ltr'>pari</span> <span class='ocrx_word' id='word_1_126' title='bbox 632 1972 726 2034; x_wconf 90' lang='lat' dir='ltr'>modo</span> <span class='ocrx_word' id='word_1_127' title='bbox 742 1991 913 2034; x_wconf 89' lang='lat' dir='ltr'>consensus</span> <span class='ocrx_word' id='word_1_128' title='bbox 927 1973 1098 2035; x_wconf 89' lang='lat' dir='ltr'>canonico-</span> 
     </span>
     <span class='ocr_line' id='line_1_19' title="bbox 164 2069 1098 2149; baseline -0.002 -18"><span class='ocrx_word' id='word_1_129' title='bbox 164 2090 236 2131; x_wconf 92' lang='lat' dir='ltr'>rum</span> <span class='ocrx_word' id='word_1_130' title='bbox 250 2074 281 2131; x_wconf 91' lang='lat' dir='ltr'>et</span> <span class='ocrx_word' id='word_1_131' title='bbox 290 2070 518 2132; x_wconf 90' lang='lat' dir='ltr'>monachorum</span> <span class='ocrx_word' id='word_1_132' title='bbox 532 2069 701 2148; x_wconf 88' lang='lat' dir='ltr'>requiritur</span> <span class='ocrx_word' id='word_1_133' title='bbox 711 2070 926 2149; x_wconf 88' lang='lat' dir='ltr'>capitulariter</span> <span class='ocrx_word' id='word_1_134' title='bbox 936 2087 1098 2149; x_wconf 87' lang='lat' dir='ltr'>exponen-</span> 
     </span>
     <span class='ocr_line' id='line_1_20' title="bbox 164 2165 1096 2246; baseline 0.001 -20"><span class='ocrx_word' id='word_1_135' title='bbox 164 2167 235 2227; x_wconf 87' lang='lat' dir='ltr'>dus.</span> <span class='ocrx_word' id='word_1_136' title='bbox 246 2166 308 2229; x_wconf 92' lang='lat' dir='ltr'>Ubi</span> <span class='ocrx_word' id='word_1_137' title='bbox 317 2184 392 2228; x_wconf 88' lang='lat' dir='ltr'>vero</span> <span class='ocrx_word' id='word_1_138' title='bbox 402 2169 516 2245; x_wconf 85' lang='lat' dir='ltr'>agatur</span> <span class='ocrx_word' id='word_1_139' title='bbox 525 2165 663 2226; x_wconf 87' lang='lat' dir='ltr'>debonis</span> <span class='ocrx_word' id='word_1_140' title='bbox 672 2165 884 2227; x_wconf 78' lang='lat' dir='ltr'>Ecclesiarum</span> <span class='ocrx_word' id='word_1_141' title='bbox 894 2182 966 2245; x_wconf 89' lang='lat' dir='ltr'>quae</span> <span class='ocrx_word' id='word_1_142' title='bbox 977 2166 1096 2246; x_wconf 86' lang='lat' dir='ltr'>capitu-</span> 
     </span>
     <span class='ocr_line' id='line_1_21' title="bbox 163 2260 1099 2342; baseline 0.001 -19"><span class='ocrx_word' id='word_1_143' title='bbox 163 2260 1099 2342; x_wconf 77' lang='lat' dir='ltr'>lumvelocllegiumncnhabent‚alienatioarectoreblccle·</span> 
     </span>
     <span class='ocr_line' id='line_1_22' title="bbox 164 2356 1092 2441; baseline 0.002 -21"><span class='ocrx_word' id='word_1_144' title='bbox 164 2360 217 2420; x_wconf 78' lang='lat' dir='ltr'>sie</span> <span class='ocrx_word' id='word_1_145' title='bbox 227 2360 319 2421; x_wconf 90' lang='lat' dir='ltr'>unius</span> <span class='ocrx_word' id='word_1_146' title='bbox 328 2356 682 2441; x_wconf 75' lang='lat' dir='ltr'>Episcopi&#39;inquisitione</span> <span class='ocrx_word' id='word_1_147' title='bbox 691 2363 722 2422; x_wconf 90' lang='lat' dir='ltr'>et</span> <span class='ocrx_word' id='word_1_148' title='bbox 730 2360 855 2423; x_wconf 89' lang='lat' dir='ltr'>decreto</span> <span class='ocrx_word' id='word_1_149' title='bbox 867 2360 1092 2424; x_wconf 85' lang='lat' dir='ltr'>celebraretur.</span> 
     </span>
    </p>

    <p class='ocr_par' dir='ltr' id='par_1_4' title="bbox 157 2454 1097 3589">
     <span class='ocr_line' id='line_1_23' title="bbox 204 2454 1094 2536; baseline 0.006 -22"><span class='ocrx_word' id='word_1_150' title='bbox 204 2454 267 2515; x_wconf 89' lang='lat' dir='ltr'>Sed</span> <span class='ocrx_word' id='word_1_151' title='bbox 289 2458 379 2515; x_wconf 88' lang='lat' dir='ltr'>tanta</span> <span class='ocrx_word' id='word_1_152' title='bbox 404 2456 624 2536; x_wconf 89' lang='lat' dir='ltr'>episcoporum</span> <span class='ocrx_word' id='word_1_153' title='bbox 647 2459 679 2518; x_wconf 88' lang='lat' dir='ltr'>et</span> <span class='ocrx_word' id='word_1_154' title='bbox 702 2456 888 2519; x_wconf 89' lang='lat' dir='ltr'>elericorum</span> <span class='ocrx_word' id='word_1_155' title='bbox 907 2457 1041 2523; x_wconf 86' lang='lat' dir='ltr'>libertas</span> <span class='ocrx_word' id='word_1_156' title='bbox 1063 2458 1094 2519; x_wconf 93' lang='lat' dir='ltr'>in</span> 
     </span>
     <span class='ocr_line' id='line_1_24' title="bbox 164 2548 1091 2617; baseline 0.003 -6"><span class='ocrx_word' id='word_1_157' title='bbox 164 2567 260 2611; x_wconf 90' lang='lat' dir='ltr'>causa</span> <span class='ocrx_word' id='word_1_158' title='bbox 273 2548 469 2613; x_wconf 88' lang='lat' dir='ltr'>alienationis</span> <span class='ocrx_word' id='word_1_159' title='bbox 482 2552 639 2613; x_wconf 91' lang='lat' dir='ltr'>bonorum</span> <span class='ocrx_word' id='word_1_160' title='bbox 650 2553 934 2615; x_wconf 88' lang='lat' dir='ltr'>ecclesiasticorum</span> <span class='ocrx_word' id='word_1_161' title='bbox 944 2555 1091 2617; x_wconf 88' lang='lat' dir='ltr'>abusibus</span> 
     </span>
     <span class='ocr_line' id='line_1_25' title="bbox 162 2646 1095 2733; baseline 0.001 -24"><span class='ocrx_word' id='word_1_162' title='bbox 162 2646 274 2726; x_wconf 88' lang='lat' dir='ltr'>patuit,</span> <span class='ocrx_word' id='word_1_163' title='bbox 290 2648 402 2709; x_wconf 86' lang='lat' dir='ltr'>mediis</span> <span class='ocrx_word' id='word_1_164' title='bbox 416 2648 549 2726; x_wconf 79' lang='lat' dir='ltr'>seculis,</span> <span class='ocrx_word' id='word_1_165' title='bbox 565 2649 743 2727; x_wconf 75' lang='lat' dir='ltr'>prasertim</span> <span class='ocrx_word' id='word_1_166' title='bbox 764 2666 835 2710; x_wconf 89' lang='lat' dir='ltr'>cum</span> <span class='ocrx_word' id='word_1_167' title='bbox 856 2650 1007 2733; x_wconf 83' lang='lat' dir='ltr'>llpiscopi</span> <span class='ocrx_word' id='word_1_168' title='bbox 1023 2651 1095 2733; x_wconf 80' lang='lat' dir='ltr'>jura</span> 
     </span>
     <span class='ocr_line' id='line_1_26' title="bbox 162 2742 1097 2826; baseline 0.004 -22"><span class='ocrx_word' id='word_1_169' title='bbox 162 2744 251 2805; x_wconf 86' lang='lat' dir='ltr'>fundi</span> <span class='ocrx_word' id='word_1_170' title='bbox 265 2742 349 2805; x_wconf 89' lang='lat' dir='ltr'>dona</span> <span class='ocrx_word' id='word_1_171' title='bbox 361 2744 512 2806; x_wconf 91' lang='lat' dir='ltr'>militibus</span> <span class='ocrx_word' id='word_1_172' title='bbox 526 2744 682 2807; x_wconf 88' lang='lat' dir='ltr'>dederunt</span> <span class='ocrx_word' id='word_1_173' title='bbox 692 2752 727 2805; x_wconf 87' lang='lat' dir='ltr'>ut</span> <span class='ocrx_word' id='word_1_174' title='bbox 736 2762 790 2807; x_wconf 89' lang='lat' dir='ltr'>eos</span> <span class='ocrx_word' id='word_1_175' title='bbox 800 2744 859 2806; x_wconf 90' lang='lat' dir='ltr'>sibi</span> <span class='ocrx_word' id='word_1_176' title='bbox 870 2764 926 2826; x_wconf 93' lang='lat' dir='ltr'>pro</span> <span class='ocrx_word' id='word_1_177' title='bbox 939 2747 1097 2808; x_wconf 75' lang='lat' dir='ltr'>Ecclesia-</span> 
     </span>
     <span class='ocr_line' id='line_1_27' title="bbox 162 2840 1096 2923; baseline 0.004 -23"><span class='ocrx_word' id='word_1_178' title='bbox 162 2858 233 2901; x_wconf 91' lang='lat' dir='ltr'>rum</span> <span class='ocrx_word' id='word_1_179' title='bbox 246 2840 428 2902; x_wconf 88' lang='lat' dir='ltr'>defensione</span> <span class='ocrx_word' id='word_1_180' title='bbox 438 2841 681 2919; x_wconf 82' lang='lat' dir='ltr'>obstringerent,</span> <span class='ocrx_word' id='word_1_181' title='bbox 694 2845 725 2903; x_wconf 89' lang='lat' dir='ltr'>et</span> <span class='ocrx_word' id='word_1_182' title='bbox 739 2842 813 2921; x_wconf 90' lang='lat' dir='ltr'>quia</span> <span class='ocrx_word' id='word_1_183' title='bbox 822 2842 1002 2923; x_wconf 88' lang='lat' dir='ltr'>aliquorum</span> <span class='ocrx_word' id='word_1_184' title='bbox 1013 2843 1096 2923; x_wconf 92' lang='lat' dir='ltr'>epis·</span> 
     </span>
     <span class='ocr_line' id='line_1_28' title="bbox 162 2936 1095 3017; baseline 0.005 -22"><span class='ocrx_word' id='word_1_185' title='bbox 162 2953 314 3015; x_wconf 85' lang='lat' dir='ltr'>caporum</span> <span class='ocrx_word' id='word_1_186' title='bbox 328 2952 365 2997; x_wconf 90' lang='lat' dir='ltr'>eo</span> <span class='ocrx_word' id='word_1_187' title='bbox 380 2936 523 3016; x_wconf 86' lang='lat' dir='ltr'>pervenit</span> <span class='ocrx_word' id='word_1_188' title='bbox 535 2936 684 3015; x_wconf 90' lang='lat' dir='ltr'>augendi,</span> <span class='ocrx_word' id='word_1_189' title='bbox 702 2936 822 2999; x_wconf 87' lang='lat' dir='ltr'>ditandi</span> <span class='ocrx_word' id='word_1_190' title='bbox 842 2956 916 2999; x_wconf 89' lang='lat' dir='ltr'>suos</span> <span class='ocrx_word' id='word_1_191' title='bbox 938 2939 1095 3017; x_wconf 86' lang='lat' dir='ltr'>cupiditas</span> 
     </span>
     <span class='ocr_line' id='line_1_29' title="bbox 162 3031 1097 3116; baseline 0.004 -24"><span class='ocrx_word' id='word_1_192' title='bbox 162 3035 196 3093; x_wconf 92' lang='lat' dir='ltr'>ut</span> <span class='ocrx_word' id='word_1_193' title='bbox 208 3032 389 3108; x_wconf 88' lang='lat' dir='ltr'>familiares,</span> <span class='ocrx_word' id='word_1_194' title='bbox 404 3031 449 3094; x_wconf 90' lang='lat' dir='ltr'>ita</span> <span class='ocrx_word' id='word_1_195' title='bbox 463 3034 714 3113; x_wconf 87' lang='lat' dir='ltr'>consanguineos</span> <span class='ocrx_word' id='word_1_196' title='bbox 734 3052 809 3096; x_wconf 91' lang='lat' dir='ltr'>suos</span> <span class='ocrx_word' id='word_1_197' title='bbox 826 3033 912 3095; x_wconf 88' lang='lat' dir='ltr'>hisce</span> <span class='ocrx_word' id='word_1_198' title='bbox 936 3034 1097 3116; x_wconf 88' lang='lat' dir='ltr'>elargitio·</span> 
     </span>
     <span class='ocr_line' id='line_1_30' title="bbox 161 3128 1096 3209; baseline 0.004 -22"><span class='ocrx_word' id='word_1_199' title='bbox 161 3128 253 3191; x_wconf 90' lang='lat' dir='ltr'>nibus</span> <span class='ocrx_word' id='word_1_200' title='bbox 267 3129 413 3191; x_wconf 89' lang='lat' dir='ltr'>ditarent.</span> <span class='ocrx_word' id='word_1_201' title='bbox 429 3130 607 3209; x_wconf 86' lang='lat' dir='ltr'>Aliquando</span> <span class='ocrx_word' id='word_1_202' title='bbox 627 3131 731 3192; x_wconf 91' lang='lat' dir='ltr'>clerici</span> <span class='ocrx_word' id='word_1_203' title='bbox 752 3150 825 3193; x_wconf 91' lang='lat' dir='ltr'>cum</span> <span class='ocrx_word' id='word_1_204' title='bbox 843 3131 1010 3193; x_wconf 86' lang='lat' dir='ltr'>usufructu</span> <span class='ocrx_word' id='word_1_205' title='bbox 1025 3138 1096 3193; x_wconf 89' lang='lat' dir='ltr'>tau·</span> 
     </span>
     <span class='ocr_line' id='line_1_31' title="bbox 158 3225 1094 3304; baseline 0 -21"><span class='ocrx_word' id='word_1_206' title='bbox 158 3225 225 3283; x_wconf 92' lang='lat' dir='ltr'>tum</span> <span class='ocrx_word' id='word_1_207' title='bbox 239 3225 425 3301; x_wconf 82' lang='lat' dir='ltr'>gauderent,</span> <span class='ocrx_word' id='word_1_208' title='bbox 442 3230 593 3285; x_wconf 88' lang='lat' dir='ltr'>curarunt</span> <span class='ocrx_word' id='word_1_209' title='bbox 606 3225 709 3304; x_wconf 87' lang='lat' dir='ltr'>magis</span> <span class='ocrx_word' id='word_1_210' title='bbox 727 3225 940 3289; x_wconf 87' lang='lat' dir='ltr'>emolumenta</span> <span class='ocrx_word' id='word_1_211' title='bbox 960 3244 981 3286; x_wconf 92' lang='lat' dir='ltr'>a</span> <span class='ocrx_word' id='word_1_212' title='bbox 1000 3225 1094 3288; x_wconf 90' lang='lat' dir='ltr'>bonis</span> 
     </span>
     <span class='ocr_line' id='line_1_32' title="bbox 157 3315 1093 3401; baseline 0.009 -28"><span class='ocrx_word' id='word_1_213' title='bbox 157 3315 349 3394; x_wconf 88' lang='lat' dir='ltr'>haurienda,</span> <span class='ocrx_word' id='word_1_214' title='bbox 382 3337 477 3397; x_wconf 88' lang='lat' dir='ltr'>quam</span> <span class='ocrx_word' id='word_1_215' title='bbox 500 3337 717 3381; x_wconf 86' lang='lat' dir='ltr'>successorum</span> <span class='ocrx_word' id='word_1_216' title='bbox 745 3321 933 3398; x_wconf 83' lang='lat' dir='ltr'>utilitatem,</span> <span class='ocrx_word' id='word_1_217' title='bbox 965 3324 1093 3401; x_wconf 86' lang='lat' dir='ltr'>protra-</span> 
     </span>
     <span class='ocr_line' id='line_1_33' title="bbox 157 3408 1088 3496; baseline 0.011 -30"><span class='ocrx_word' id='word_1_218' title='bbox 157 3408 261 3467; x_wconf 91' lang='lat' dir='ltr'>hendo</span> <span class='ocrx_word' id='word_1_219' title='bbox 276 3411 447 3473; x_wconf 91' lang='lat' dir='ltr'>locationes</span> <span class='ocrx_word' id='word_1_220' title='bbox 468 3416 510 3475; x_wconf 92' lang='lat' dir='ltr'>ad</span> <span class='ocrx_word' id='word_1_221' title='bbox 530 3415 714 3477; x_wconf 91' lang='lat' dir='ltr'>diuturnum</span> <span class='ocrx_word' id='word_1_222' title='bbox 735 3420 860 3495; x_wconf 87' lang='lat' dir='ltr'>tempus</span> <span class='ocrx_word' id='word_1_223' title='bbox 883 3420 914 3477; x_wconf 89' lang='lat' dir='ltr'>et</span> <span class='ocrx_word' id='word_1_224' title='bbox 933 3416 1088 3496; x_wconf 87' lang='lat' dir='ltr'>exigendo</span> 
     </span>
     <span class='ocr_line' id='line_1_34' title="bbox 158 3500 969 3589; baseline 0.021 -33"><span class='ocrx_word' id='word_1_225' title='bbox 158 3500 325 3589; x_wconf 74' lang='lat' dir='ltr'>pensiones</span> <span class='ocrx_word' id='word_1_226' title='bbox 339 3506 508 3582; x_wconf 86' lang='lat' dir='ltr'>anticipata</span> <span class='ocrx_word' id='word_1_227' title='bbox 523 3529 597 3571; x_wconf 93' lang='lat' dir='ltr'>cum</span> <span class='ocrx_word' id='word_1_228' title='bbox 607 3512 722 3575; x_wconf 88' lang='lat' dir='ltr'>damno</span> <span class='ocrx_word' id='word_1_229' title='bbox 738 3530 969 3574; x_wconf 86' lang='lat' dir='ltr'>successorum.</span> 
     </span>
    </p>
   </div>
   <div class='ocr_carea' id='block_1_3' title="bbox 0 0 1229 4125">
    <p class='ocr_par' dir='ltr' id='par_1_5' title="bbox 0 0 1229 4125">
     <span class='ocr_line' id='line_1_35' title="bbox 0 0 1229 4125; baseline 0 0"><span class='ocrx_word' id='word_1_230' title='bbox 0 0 1229 4125; x_wconf 95' lang='lat' dir='ltr'> </span> 
     </span>
    </p>
   </div>
  </div>
 </body>
</html>
