2442 4125
334 321 374 365 ua
394 319 521 367 omacro
541 320 624 365 rurus
646 318 802 366 carorum.
994 311 1033 369 89

98 467 188 547 quod
201 466 241 527 de
256 465 346 527 oculo
365 417 492 528 sinistro
509 465 561 526 vel
574 464 691 525 cunonis
705 466 880 544 prasertim
901 465 1033 547 intelligi

96 564 310 720 βΟΙΙῗιιίιιίιιιιιι
323 657 590 737 deprehendimus
598 657 806 738 irregularem
816 658 878 721 dici
888 659 941 739 qui
950 661 1031 740 pede

96 756 194 817 laesus
213 753 254 814 sit
273 753 319 814 ita
339 755 374 813 ut
390 754 457 812 sine
477 752 591 812 baculo
612 750 758 813 sustineri
773 770 836 813 non
850 754 959 832 possit,
976 760 1031 814 ant

97 868 197 913 manu
215 850 407 927 mutilatum,
423 854 479 910 aut
495 848 680 911 destitutum
699 847 797 929 digito
816 849 857 909 ad
872 849 1032 912 eucharis-

97 948 152 1011 tiae
180 946 390 1008 ministerium
416 946 613 1022 necessario,
637 945 688 1006 vel
711 944 830 1024 ungula
856 944 977 1024 pollicis
1000 946 1032 1006 in

99 1046 215 1105 dextra
227 1046 340 1104 utnon
354 1042 452 1121 possit
470 1060 594 1104 sacrum
613 1042 748 1104 hostiam
766 1042 857 1104 facile
871 1042 1029 1123 frangere,

99 1139 152 1200 vel
166 1138 289 1202 duobus
303 1138 409 1219 digitis
422 1138 527 1199 medio
543 1142 575 1200 et
588 1142 713 1216 quarto,
727 1138 899 1217 leprosum,
916 1140 1032 1219 epilep-

98 1237 211 1313 ticum,
226 1236 447 1314 paralyticum,
469 1238 547 1308 etc.;
570 1234 628 1295 sed
646 1233 738 1312 plura
755 1239 976 1297 remanserunt
994 1254 1032 1297 ex

99 1332 214 1395 eodem
234 1325 388 1412 principio
410 1331 450 1392 ab
465 1330 685 1393 ecclesiasticis
703 1330 863 1411 judicibus
884 1331 1031 1394 determi-

99 1424 218 1501 nanda,
232 1424 278 1485 ita
291 1427 327 1485 ut
340 1424 549 1485 communiter
568 1423 650 1485 tradi
673 1423 783 1503 soleat,
801 1425 884 1506 quod
906 1424 973 1487 sive
991 1427 1032 1487 ob

98 1538 251 1581 sensuum
272 1520 445 1596 delectum,
462 1519 527 1580 sive
549 1519 590 1581 ob
609 1522 825 1582 membrorum
846 1522 1030 1599 carentiam,

99 1617 167 1678 sive
189 1615 230 1678 ob
251 1617 470 1696 aegn'tudines,
492 1616 567 1678 sive·
581 1616 622 1679 ob
644 1617 878 1679 deformitatem
903 1617 1033 1698 quilibet

98 1714 171 1776 talis
193 1717 240 1776 est
259 1716 295 1775 ut
315 1712 441 1774 omnino
464 1730 527 1773 non
548 1714 646 1793 possit
666 1714 717 1774 vel
738 1732 812 1775 cum
833 1714 947 1776 decore
970 1732 1033 1776 non

98 1807 199 1889 possit
211 1825 303 1868 sacra
315 1806 424 1867 munia
437 1824 595 1882 exercere,
611 1806 793 1886 irregularis
808 1806 933 1869 evadat.

141 1903 288 1965 Defectus
303 1906 409 1965 autem
421 1902 544 1962 morales
557 1902 662 1981 quoad
676 1902 781 1980 pluras
795 1902 930 1964 morales
944 1901 1033 1965 dotes

99 2001 204 2063 solent
221 1999 352 2076 attendi,
369 2015 439 2085 quae
454 1997 495 2058 ad
510 1997 658 2057 eumdem
675 1998 772 2059 finem
791 1998 914 2059 deocrae
933 1997 1034 2058 admi-

16 2174 22 2183 ·
100 2096 294 2159 nistrationis
314 2112 476 2157 sacrorum
495 2094 717 2174 requiruntur,
735 2098 767 2153 et
785 2093 913 2154 honoris
935 2096 1033 2155 status

100 2190 264 2252 clericalis.
282 2189 464 2269 Respicinnt
476 2203 572 2249 vero:

143 2289 173 2346 l⁰
187 2285 265 2345 Alia
284 2282 438 2363 originem
452 2284 483 2343 et
497 2281 630 2342 natalis:
647 2280 788 2342 defectus
802 2279 945 2341 autolium
959 2277 1033 2340 olim

101 2383 141 2443 de
155 2381 195 2442 iis
209 2380 372 2441 dicebatur
392 2380 446 2460 qui
468 2379 534 2440 nati
549 2381 656 2440 essent
675 2378 777 2440 servi:
795 2377 888 2439 hodie
907 2376 1032 2457 proprie

100 2478 217 2540 dicitur
230 2476 269 2537 de
282 2475 321 2534 iis
337 2476 389 2557 qui
404 2474 470 2537 nati
489 2478 562 2537 sunt
576 2493 615 2534 ex
629 2475 779 2537 damnato
799 2474 882 2536 coitu
897 2473 962 2535 sive
977 2490 1034 2533 no-

99 2571 146 2634 thi
161 2589 200 2631 ex
212 2568 369 2657 adultera,
385 2570 451 2631 sive
465 2587 629 2631 manzeres
644 2587 682 2630 ex
695 2569 874 2648 prostituta,
892 2569 958 2630 aive
978 2587 1034 2629 na·

100 2669 219 2730 turales
243 2665 495 2743 exconcubina,
518 2667 569 2727 vel
592 2666 732 2746 generali
756 2663 910 2727 vocabulo
935 2662 1033 2741 spurii

100 2772 229 2842 stupro,
251 2764 388 2838 incestu,
411 2761 590 2842 sacrilegio,
614 2763 664 2823 vel
688 2761 750 2822 alia
772 2760 938 2823 inhonesta
961 2774 1033 2817 con-

100 2861 262 2941 junctione
277 2860 353 2922 nati.
370 2860 408 2920 Hi
423 2860 536 2921 remoti
551 2862 623 2921 sunt
637 2859 678 2920 ab
692 2857 802 2919 ordine
818 2852 953 2916 clericali
967 2853 1033 2914 sive

100 2957 142 3018 ad
157 2958 306 3019 decorem
324 2959 424 3018 status
438 2974 458 3016 a
472 2974 533 3036 quo
552 2953 742 3034 prohibendi
755 2952 776 3012 ii
792 2967 926 3030 quorum
945 2949 1033 3029 origo

99 3057 171 3114 crat
191 3052 326 3114 obscura
347 3056 379 3116 et
398 3051 522 3128 vitiosa,
539 3050 653 3112 deinde
673 3052 709 3110 ut
727 3048 748 3107 ii
763 3049 1035 3108 removerentura

99 3148 276 3210 ministerio
297 3148 337 3208 de
360 3149 476 3229 quibus
501 3147 637 3227 suspicio
666 3144 826 3206 oriebatur
852 3141 1034 3204 imitationis

98 3244 227 3322 paterni
240 3245 385 3324 exempli,
398 3245 526 3306 demum
535 3247 571 3305 ut
584 3245 751 3322 paternum
765 3240 920 3322 flagitium
933 3239 1034 3320 magis

99 3343 266 3422 magisque
281 3342 497 3406 damnaretur.

141 3439 260 3501 Similis
278 3441 447 3518 prudentia
460 3460 498 3502 ex
511 3437 715 3502 similitudine
734 3439 863 3503 rationis
878 3437 1034 3518 applicata

101 3535 201 3597 estiis
216 3535 281 3614 qui,
297 3535 371 3599 licet
390 3536 533 3616 legitimi,
550 3536 616 3600 nati
636 3538 743 3599 tamen
765 3539 854 3598 erunt
874 3553 912 3594 ex
933 3532 1035 3593 h'aere-
1077 3611 1080 3617 Ι
