2442 4125
209 263 268 324 28⁴
417 274 647 320 rusmrcrronns
668 273 751 320 sunm
773 271 929 320 sonorum.

209 424 381 501 Propterea
392 419 568 499 generatim
584 418 743 498 lequendo
764 422 811 480 tot
833 423 906 481 sunt
926 418 1036 480 officis
1057 437 1149 482 sucre

209 520 242 578 in
255 505 395 579 Ecclesia
408 518 485 596 quot
499 520 572 578 sunt
585 515 704 578 ordinis
712 514 831 595 gradus
844 517 926 578 inter
941 515 1080 596 clericos
1090 516 1150 578 dis·

208 613 327 675 tributi.
821 671 824 674 .

249 709 312 769 Sed
327 725 417 769 secra
431 707 598 783 ordinatio,
615 706 690 768 dum
705 725 744 766 ex
757 724 821 767 unc
834 711 923 786 perte
938 707 1067 786 praebet
1081 709 1149 770 fun·

208 802 419 864 dementelem
433 801 662 863 institutionem
676 801 852 862 officiorum
875 819 1056 881 sacrorum,
1083 804 1148 866 illo·

208 918 341 979 rumque
354 899 458 960 varies
471 897 592 977 species
604 899 638 960 et
651 898 781 977 gredm,
798 915 837 958 ex
851 897 951 959 altere
964 901 1080 961 tamen
1094 919 1149 980 per

207 1011 241 1054 se
263 995 405 1072 inspecte
428 1011 491 1054 non
511 991 701 1056 determinet
724 993 756 1054 in
781 997 927 1056 concreto
953 999 1146 1075 conceptum

207 1090 403 1168 singulorum
417 1088 592 1150 officiorum
606 1107 780 1151 sacrorum.
797 1093 876 1151 Nam
891 1088 1004 1151 definit
1014 1090 1147 1171 quidem

207 1183 341 1264 gradum
355 1186 518 1263 potestatis
532 1189 564 1248 et
578 1184 673 1246 officii
682 1204 782 1266 genus
792 1185 923 1266 singulis
934 1185 1106 1250 ordinibus
1115 1189 1146 1248 in

207 1279 364 1341 abstracto
396 1281 609 1361 respondens,
645 1281 795 1358 sednon
828 1281 1021 1344 determinet
1056 1287 1146 1346 notes

207 1391 316 1436 omnes
344 1377 375 1435 et
402 1376 653 1438 circumstantias
679 1377 929 1454 individucntes,
961 1394 1036 1456 quae
1063 1378 1145 1440 illins

207 1470 391 1533 exercitium
403 1471 436 1531 in
451 1478 596 1533 concreto
612 1471 779 1536 definiunt..
797 1475 913 1535 Omnes
933 1473 1093 1552 episcopi,
1104 1486 1143 1536 ·v.

191 1587 238 1648 g.
275 1569 307 1629 vi
334 1568 577 1629 consecrationis
605 1572 770 1649 susceptae,
800 1573 872 1630 sunt
902 1569 1015 1630 ordine
1052 1589 1146 1650 peres

206 1665 288 1726 inter
302 1682 346 1742 se,
363 1665 534 1728 identicam
549 1665 666 1726 habent
679 1665 711 1725 in
726 1665 822 1727 sacris
837 1667 1041 1744 potestatem,
1062 1666 1147 1748 ejus-

206 1757 279 1818 dem
293 1761 419 1837 generis
429 1759 567 1820 officium
580 1779 716 1838 sacrum,
731 1761 776 1822 ite
794 1761 874 1822 utri
894 1763 1144 1824 consecrationis

206 1872 269 1916 non
284 1854 367 1915 adsit
379 1854 460 1916 ratio
475 1873 573 1932 quare
587 1856 628 1917 ab
638 1874 700 1918 uno
715 1857 917 1936 potiusquam
930 1855 971 1916 eb
987 1855 1053 1920 elio
1065 1860 1144 1937 epis-

206 1968 285 2031 copo
308 1951 377 2012 haec
399 1950 450 2013 vel
468 1950 522 2012 ille
540 1951 657 2014 functio
681 1953 866 2032 episcopalis
885 1952 1007 2014 ordinis
1026 1953 1144 2016 debeat

205 2048 295 2111 obiri.
326 2049 374 2111 Ob
402 2049 484 2110 hono
506 2047 800 2112 determinationem
820 2049 852 2117 in
867 2048 1027 2111 abstracto
1045 2057 1079 2114 et
1096 2051 1144 2112 in-

205 2144 502 2207 determinationem
527 2144 560 2204 in
587 2147 752 2222 concreto,
786 2163 857 2225 qnae
885 2151 1075 2225 exsurgeret
1106 2166 1142 2207 ex

204 2258 295 2300 mera
317 2240 434 2301 ordinis
458 2227 635 2317 collatione,
665 2242 755 2302 ficret
776 2244 811 2302 ut
837 2240 1010 2321 aliquando
1034 2244 1141 2322 plures

204 2335 324 2413 possint
355 2334 571 2398 tumultuatim
593 2336 635 2397 ad
656 2337 802 2398 eamdem
826 2336 1023 2406 functionem
1048 2356 1139 2419 pere·

203 2427 342 2507 gendum
363 2446 565 2505 concurrere;
589 2436 707 2493 etcum
727 2450 790 2492 non
805 2432 930 2493 adesset
944 2433 1025 2496 ratio
1042 2452 1139 2513 quere

204 2544 285 2586 unus
299 2524 391 2587 elteri
411 2526 609 2605 preferatur,
633 2546 713 2589 unus
735 2527 863 2588 alterius
885 2530 1043 2592 actionem
1065 2530 1137 2590 ede-

203 2626 266 2697 ret;
283 2621 452 2701 aliquando
467 2641 542 2683 vero
558 2626 710 2699 econtra,
727 2640 799 2685 cum
822 2640 931 2686 omnes
955 2629 1138 2689 tenerentur

201 2721 234 2781 in
255 2720 413 2794 abstracto
427 2719 469 2780 ed
483 2720 568 2780 illem
587 2719 791 2797 functionem,
812 2720 915 2781 ordini
939 2724 990 2783 sui
1011 2741 1136 2803 respon·

201 2817 329 2878 dentem
343 2815 563 2892 exercendem,
580 2832 674 2876 nemo
690 2818 795 2877 cutem
809 2816 842 2875 in
856 2817 963 2896 specie
973 2822 1007 2881 et
1016 2819 1050 2879 in
1064 2837 1136 2881 con-

202 2917 300 2991 creto,
325 2911 451 2973 evenire
474 2917 581 2992 posset
603 2916 638 2973 ut
662 2911 827 2990 episcopus
853 2931 916 2974 non
942 2914 1136 2977 inveniretur

202 3010 256 3090 qui
270 3010 446 3071 functiones
461 3008 655 3089 episcopales
670 3008 781 3071 obiret.
1115 3096 1117 3102 Α

242 3103 331 3176 Quod
350 3102 483 3164 dicimus
504 3102 543 3163 de
567 3102 677 3163 ordine
702 3102 882 3182 episcopali,
909 3102 1004 3167 dicite
1019 3107 1060 3167 de
1080 3125 1135 3169 cae-

200 3200 285 3260 teris.
303 3199 393 3262 Unde
409 3197 546 3279 colligite
561 3199 856 3280 necessitatemque
869 3198 909 3261 ab
924 3201 1136 3264 ecclesiastice

201 3292 367 3371 discipline
380 3294 613 3374 providendum
628 3297 711 3357 esset
724 3298 759 3356 ut
773 3295 911 3357 officium
925 3297 958 3357 vi
971 3314 1071 3360 secrae
1087 3316 1136 3359 or·

202 3386 368 3449 dinationis
391 3394 572 3471 susceptum
594 3393 627 3453 in
655 3396 802 3455 concreto
823 3392 1078 3457 individueretur
1105 3398 1135 3456 ct

203 3483 465 3549 determinaretur
478 3489 511 3548 in
526 3508 583 3551 suo
598 3488 757 3567 exercite,
781 3492 815 3553 ut
842 3491 1059 3572 unusquisque
1078 3509 1133 3553 suo
