2442 4125
362 321 402 364 ne
423 320 553 367 onrncro
572 323 656 370 runis
678 323 835 372 canorum.
1007 320 1065 379 299

130 469 165 526 et
177 482 199 524 a
211 463 311 524 sacris
325 466 466 542 presunt
484 465 678 543 pauperibus
690 465 725 527 in
745 467 891 548 hospitali
913 473 1062 538 collectis.

132 561 172 620 Hi
186 558 292 635 etiam,
309 559 360 620 rel
370 559 539 621 saculares
551 561 603 621 vel
616 563 788 640 regulares,
805 572 878 628 sunt
896 585 1020 648 semper
1032 572 1065 632 in

131 654 281 716 exercitio
294 654 449 732 spirituali
463 655 512 716 sui
526 656 673 736 episcopo
688 659 833 740 subjecti,
850 665 989 744 exceptis
1003 663 1064 727 sin·

131 750 296 830 galeribus
309 750 491 830 privilegiis.

172 851 206 910 3⁰
221 847 352 909 Ministri
363 866 420 909 seu
434 848 606 912 tomenta
620 853 673 932 qui
688 855 729 916 ad
744 853 894 933 placitum
914 858 1066 922 adminis-

132 945 288 1004 tratorum
307 942 516 1004 communiter
528 950 732 1026 assumuntur
745 965 762 1009 e
777 952 860 1012 statu
878 950 991 1030 laicali,
1009 955 1065 1015 sed

132 1055 173 1096 ex
186 1037 320 1113 utroque
335 1052 411 1095 seru
425 1038 492 1097 tum
506 1037 662 1114 saculari,
678 1042 747 1100 tum
760 1041 915 1120 regulari3
933 1061 982 1104 ex.
999 1063 1062 1123 gn,

131 1133 260 1191 Fratres
276 1131 309 1191 S.
325 1131 456 1192 ioannis
470 1131 510 1192 de
527 1134 604 1208 Deo,
619 1150 745 1196 sorores
763 1136 926 1200 charitatis
941 1139 962 1200 S
983 1141 1065 1202 Ven-

131 1225 227 1288 centii
241 1225 281 1286 de
297 1225 412 1288 Paulis.

455 1401 489 1445 11.
502 1402 534 1446 lle
545 1402 655 1448 monttbns
665 1404 760 1457 pietatis

173 1516 225 1575 vl.
242 1512 455 1591 Hospitalibns
467 1513 646 1590 antiquiore
660 1517 733 1576 sunt
742 1515 804 1577 alia
818 1518 871 1595 pia
885 1535 982 1596 opera
991 1519 1065 1582 oha-

129 1605 233 1666 ritatis
259 1603 372 1683 quibus
396 1621 574 1683 pauperum
602 1605 717 1684 inopiae
747 1609 956 1685 succurritur,
987 1612 1063 1688 quin

129 1715 287 1779 pauperes
300 1699 334 1758 iu
348 1715 447 1759 unum
461 1699 627 1778 collegium
642 1699 839 1780 colligantur.
857 1703 956 1783 Hujus
970 1722 1064 1784 gene·

129 1796 177 1856 ris
189 1798 281 1856 crant
292 1793 386 1858 loculi
401 1811 479 1873 quos
493 1794 634 1856 Christus
648 1795 798 1857 Dominus
813 1795 924 1860 habuit
938 1805 969 1859 et
984 1817 1063 1879 quos

130 1893 267 1972 apostoli
282 1892 503 1954 administrare
517 1897 743 1970 perrexerunt:
770 1895 918 1958 nimirum
932 1897 1062 1977 quidam

130 2004 240 2050 rerum
266 1986 465 2067 tangibilium
491 1990 523 2049 et
549 1988 725 2066 prasertim
748 1992 889 2069 pecuniae
918 1992 1062 2055 cumulus

131 2101 205 2163 quae
216 2084 250 2142 in
264 2100 419 2161 pauperes
442 2100 500 2163 pro
514 2082 711 2163 singulorum
730 2085 906 2163 indigentia
918 2087 1064 2148 tribuun-

130 2185 193 2242 tur.
210 2178 311 2258 Hujus
327 2180 452 2258 generis
467 2183 557 2242 erant
579 2184 702 2241 veteres
726 2180 878 2242 diaconiae
900 2198 956 2243 seu
979 2182 1066 2245 loea-

131 2275 296 2339 diaconioa
308 2276 341 2335 in
361 2274 501 2337 Ecclesia
519 2276 552 2336 in
567 2293 631 2356 qua
649 2275 822 2339 oblationes
841 2277 982 2341 fidelium
1001 2280 1067 2342 col-

131 2373 222 2436 ieotoe
246 2373 514 2434 conservabantur
534 2375 566 2434 et
587 2389 645 2450 per
663 2372 817 2434 Diaconos
832 2373 923 2453 jussu
938 2375 1066 2437 Antisti·

132 2470 202 2529 tum
213 2465 406 2545 pauperibus
419 2465 642 2544 erogabantur.

173 2560 350 2623 Posteriora
377 2563 469 2622 atate
487 2561 558 2622 loca
571 2560 639 2622 haeo
663 2560 808 2622 diaconia
821 2579 885 2622 non
909 2564 989 2625 adeo
1003 2564 1068 2624 fra-

133 2657 264 2738 quentia
275 2656 403 2718 fuerunt
425 2657 468 2718 ita
483 2663 519 2718 ut
537 2660 641 2717 tractu
655 2655 804 2733 temporis
817 2656 869 2715 vix
892 2662 947 2717 aut
961 2676 1000 2719 ne
1014 2658 1067 2719 vix

133 2755 263 2835 quidem
285 2752 511 2831 superfuerint;
536 2751 592 2813 sed
610 2752 649 2813 iis
671 2750 734 2812 alia
757 2754 976 2813 successerunt
998 2756 1067 2814 tan·

134 2871 231 2933 quam
244 2851 357 2913 araria
378 2855 411 2913 et
427 2850 571 2929 deposita
591 2850 799 2929 pecuniarum
823 2855 854 2911 et
868 2848 1064 2912 oblationum

132 2950 165 3009 in
179 2965 355 3027 pauperum
368 2964 444 3009 rasus
463 2945 706 3026 erogandarum.
724 2947 809 3009 Inter
823 2945 891 3007 haec
906 2945 1066 3024 singulare

132 3041 239 3103 locum
252 3043 446 3120 occuparunt
460 3058 500 3100 ea
512 3039 656 3100 instituta
670 3036 831 3101 charitatis
845 3039 877 3100 et
890 3035 1069 3097 beneticen-

133 3138 185 3199 tiae
201 3154 271 3216 quae
286 3136 434 3198 dicuntur
448 3134 560 3194 Montes
570 3134 694 3194 Pietatis
709 3133 748 3194 de
762 3131 876 3211 quibus
886 3131 980 3193 hodie
995 3150 1068 3212 age-

133 3251 205 3293 mus
222 3231 411 3312 inqnirendo
432 3252 439 3293 :
464 3235 495 3292 l⁰
517 3231 693 3305 notionem
717 3235 750 3291 20
771 3229 908 3308 species3
931 3232 963 3292 30
982 3230 1070 3309 leges

134 3328 249 3408 quihus
263 3330 428 3407 reguntur.

174 3426 205 3482 10
230 3421 275 3482 De
294 3423 417 3483 notione.
447 3422 537 3485 Mons
558 3422 685 3501 pietatis
712 3425 759 3484 est
781 3420 913 3486 collecta
935 3422 1071 3501 pecunie

133 3518 243 3579 mutuo
258 3514 365 3579 danda
386 3516 578 3596 pauperibus
597 3515 816 3595 indigentibus
837 3518 926 3581 statis
948 3515 1072 3596 legibus
