2442 4125
156 289 216 350 290
365 295 594 345 rusmmmonas
615 296 699 343 suars
722 293 878 342 canorum.

199 443 384 508 Goenobium
401 440 629 505 Monaeborum
653 445 686 499 et
705 438 888 501 Mouialium
907 437 1034 499 dictum
1052 443 1089 500 est

158 538 396 602 monasterium.

197 635 350 698 (loenobia
362 606 608 694 Mendicantium
623 630 709 692 dieta
722 635 796 692 sunt
809 638 1002 692 conventus
1164 606 1170 717 l

198 730 350 794 Goenobia
370 728 556 789 clericorum
576 727 771 806 regularium
793 728 847 786 aut
874 726 1091 806 religiosorum
1165 724 1174 834 l

158 828 344 906 piarumque
361 841 504 886 sororum
520 841 590 902 quae
604 823 647 883 ad
667 821 907 883 similitudinem
922 840 1172 902 congrega-1

159 927 280 987 tionum
301 925 489 984 clericorum
510 920 705 1001 regularium
730 923 842 982 ereotae
872 925 964 997 sunt,
991 926 1093 982 vocata

159 1025 233 1082 sunt
246 1019 349 1098 pot1us
362 1019 486 1094 domus
509 1036 583 1078 cum
606 1017 733 1079 illorum
757 1015 886 1078 vivendi
913 1018 1001 1078 ratio
1021 1023 1092 1078 essct

159 1115 294 1176 seculari
307 1113 401 1176 statui
411 1114 513 1192 magis
527 1112 641 1174 affinis

198 1209 390 1270 Monasteria
416 1211 522 1270 autem
548 1207 637 1268 tuere
665 1207 727 1268 alia
753 1205 924 1308 simplicia,
958 1208 1023 1269 alia
1045 1208 1094 1268 du·

159 1301 262 1380 plicia.

200 1396 361 1475 Simplicia
375 1397 461 1460 dicta
479 1403 552 1461 aunt
572 1416 643 1477 quae
664 1401 787 1476 prot
743 1397 787 1458 alt
788 1399 897 1457 erutro
921 1416 1006 1458 sexu
1028 1398 1096 1458 reci-

1168 1076 1175 1129 t

160 1496 275 1576 piendo
305 1499 396 1557 erant
418 1495 590 1568 destinata;
615 1493 752 1572 duplicia
775 1511 845 1573 quae
858 1511 934 1573 ,pro
967 1499 1095 1574 utroque

160 1613 237 1654 sexu
252 1593 408 1654 destinata
422 1597 521 1653 eraut.

200 1687 390 1747 OEconomia
404 1687 519 1747 horum
532 1687 797 1748 monasteriorum
815 1685 999 1762 duplicium
1020 1687 1053 1746 iu
1066 1704 1096 1746 eo

160 1787 228 1844 erat
243 1781 327 1862 quod
341 1781 425 1842 iutra
437 1782 523 1842 idem
539 1783 755 1844 babitaculum
770 1781 905 1842 diversis
925 1782 963 1840 in
979 1782 1098 1842 concla-

161 1879 252 1940 vibus
266 1877 403 1956 separati
416 1878 563 1938 monachi
580 1885 612 1938 et
632 1878 785 1939 moniales
807 1877 976 1957 degerent,
1002 1878 1098 1938 solum

161 1973 314 2035 hebentes
333 1973 367 2040 in
395 1974 553 2034 communi
582 1975 715 2034 chorum
743 1980 775 2033 et
802 1972 974 2034 ecclesiam
1002 1973 1048 2034 ita
1068 1977 1098 2030 ut

160 2072 229 2131 loco
243 2078 276 2131 et
289 2070 408 2150 pariete
423 2071 517 2131 etiam
530 2070 622 2131 divisi
638 2070 758 2131 alterne
774 2070 887 2131 laudes
902 2070 960 2129 Dei
984 2074 1017 2131 et
1035 2086 1096 2129 ore·

159 2164 262 2223 tiones
275 2165 500 2242 persolverent.
517 2163 664 2224 Monachi
677 2167 784 2225 autem
799 2162 1018 2242 providebant
1037 2180 1096 2223 mo

161 2254 296 2314 nialibus
310 2258 428 2317 victum
438 2276 458 2317 a
472 2256 594 2319 cultura
612 2275 761 2337 agrorum
777 2274 929 2330 suorum;
946 2254 1095 2318 moniales

160 2348 371 2423 providebant
390 2352 562 2414 monachos
582 2351 622 2412 de
640 2352 792 2429 vestibus
809 2352 916 2413 linteis
931 2356 964 2413 et
979 2350 1095 2413 caeteris

161 2457 231 2519 quae
252 2445 382 2517 praestat
401 2462 494 2507 sexus
515 2447 692 2521 muliebris;
715 2448 761 2509 ita
782 2451 918 2537 uterque
941 2465 1035 2507 sexus
1057 2444 1095 2505 ad

161 2540 306 2595 mutuum
320 2537 513 2617 adjutorium
526 2543 559 2602 in
574 2542 683 2603 ordina
698 2543 738 2603 ad
757 2543 985 2621 perfectiorem
1002 2541 1095 2603 vitam

161 2630 376 2693 ordinabatur.

201 2727 263 2788 Sed
277 2746 338 2804 res,
355 2730 429 2791 licet
442 2729 492 2807 pie
507 2734 678 2809 sancteque
702 2732 835 2792 fortasse
856 2731 1013 2806 instituta,
1034 2748 1096 2790 uon

160 2818 261 2895 potuit
289 2819 380 2896 lapsu
402 2820 553 2896 temporis
576 2822 733 2883 abusuum
761 2840 874 2904 expers
902 2826 960 2883 eut
988 2822 1096 2884 saltem
1180 2817 1182 2871 l

160 2911 294 2971 evadere
309 2912 408 2972 melas
422 2912 615 2990 suspiciones
630 2920 661 2975 et
676 2916 988 2977 obmurmurationes
997 2934 1098 2996 popu·
1179 2943 1180 2995 p

159 3005 251 3067 lares.
275 3006 364 3068 Unde
387 3008 582 3069 Justiuianus
602 3010 775 3089 imperator
796 2993 891 3072 suasu
914 3018 947 3073 et
966 3012 1096 3073 consilio
1172 3008 1181 3099 l

158 3102 388 3180 episcoporum,
416 3106 451 3163 ut
477 3093 626 3181 creditur,
650 3106 787 3184 duplicia
807 3108 1002 3169 monasteria
1022 3106 1097 3179 abo·
1178 3100 1181 3128 ⁵¹

159 3192 242 3270 levit,
265 3198 387 3258 duabus
402 3199 685 3277 constitutionibus,
710 3202 857 3262 videlicet
871 3202 1094 3264 constitutione

159 3304 228 3365 quae
242 3290 374 3368 incipit:
398 3294 674 3356 Sanctissimarum
696 3297 900 3357 ecclesiarum
917 3316 924 3355 :
942 3301 994 3356 ll·
1011 3297 1092 3361 codi-
1178 3274 1180 3316 ³¹

158 3380 202 3438 cis
217 3380 257 3481 de
272 3384 424 3463 episcopis
439 3394 472 3448 et
485 3389 620 3467 clericis,
636 3395 667 3453 et
681 3393 806 3453 novella
826 3396 896 3468 123,
917 3408 990 3469 quae
1002 3391 1091 3469 jubet

151 3476 191 3526 ct
204 3487 229 3524 ει
245 3487 341 3527 unum
354 3478 476 3537 tautmn
496 3482 579 3543 adsit
592 3484 791 3546 coeuobioum
812 3488 843 3545 et
857 3485 918 3545 hoc
942 3486 983 3546 sit
1006 3503 1089 3545 com·
1135 3544 1140 3561 ,
