2442 4125
102 295 107 302 ’
193 327 251 388 126
399 335 628 384 marrrononas
649 335 732 384 rums
753 335 909 384 annontui.

232 481 399 546 individuo.
422 515 464 530 ·-
480 479 690 557 lndirieibilie,
711 480 777 540 aive
792 479 933 543 absolute
948 485 1128 562 rumpendo

192 579 352 642 vineolam
366 578 432 640 aive
448 575 662 658 protrahendo
681 576 842 638 vineolam
862 577 904 638 ad
922 577 1000 640 alias
1019 597 1128 658 perso·

191 694 260 752 naa,
276 680 392 754 prater
405 691 504 736 unum
517 675 549 734 et
563 690 670 732 unam.

231 771 259 832 A
275 770 335 832 Deo
352 768 439 830 certia
457 766 565 846 legibus
585 764 751 827 immediate
771 764 918 827 instituta.
935 766 1026 828 Unde
1045 767 1129 828 obti-

192 871 246 929 net
259 871 371 945 typum
384 863 566 942 religiosum
584 880 649 941 prae
665 860 786 924 eaeterie
801 863 1016 925 contractibus
1030 868 1063 928 et
1076 882 1129 926 eo·

192 962 367 1026 oietatibue.

231 1056 283 1118 Ad
295 1055 473 1135 reciprocum
487 1053 555 1116 uine
567 1052 704 1114 solamen.
722 1053 777 1115 Est
795 1052 879 1114 enim
898 1053 1037 1116 amicitia
1054 1056 1127 1117 finis

192 1150 365 1214 essentialis
386 1149 480 1230 hujus
500 1149 670 1215 societatis.
689 1151 757 1210 Non
778 1148 823 1208 sio
843 1149 1037 1229 procreati03
1063 1169 1127 1212 non

192 1249 276 1311 enim
288 1246 321 1306 in
335 1248 449 1326 oopula
462 1249 510 1308 est
523 1245 705 1325 eonjugium
721 1263 728 1304 ε
752 1243 877 1322 nuptias
896 1261 959 1305 non
977 1246 1126 1308 connubi-

191 1346 253 1418 tus,
264 1339 321 1400 sed
330 1357 501 1401 eonsensue
510 1339 595 1400 faoit.
609 1337 672 1400 Sed
683 1336 761 1399 ordo
772 1337 812 1398 ed
827 1336 1065 1416 generationem
1080 1346 1128 1400 eet

191 1438 265 1500 huie
288 1434 429 1498 societati
452 1435 617 1507 naturalis,
641 1450 716 1494 nam
737 1435 786 1494 eat
808 1432 950 1495 instituta
973 1437 1127 1514 tanquam

191 1534 330 1596 medium
344 1528 590 1611 propagationis.
609 1529 672 1591 Sed
687 1531 777 1590 aetus
792 1547 854 1590 non
869 1533 916 1592 est
934 1533 1123 1609 praeoptas,

191 1630 247 1691 aed
261 1633 354 1691 natue
369 1629 437 1706 ipso
451 1623 601 1686 instinctu
616 1626 739 1686 natura.
757 1624 821 1686 Sed
838 1628 984 1688 manante
998 1626 1061 1686 tine
1078 1644 1127 1686 es-

190 1725 324 1801 sentiali,
342 1725 474 1802 possunt
492 1721 645 1802 eonjugea
663 1723 736 1784 linio
754 1724 946 1786 renuntiare.
963 1725 1076 1805 (Maria
1096 1729 1126 1788 et

190 1820 308 1898 ioseph
321 1851 363 1866 --
376 1820 485 1895 Senes,
501 1817 648 1898 steriles.)
665 1817 696 1880 Si
711 1818 777 1894 liat,
794 1818 858 1880 suis
872 1819 995 1900 legibus
1008 1821 1124 1900 guber-

191 1921 303 1979 natm:
322 1915 490 1978 aliudtlnie
501 1933 521 1976 a
531 1915 791 1978 naturaintentus
805 1914 838 1975 in
853 1915 1022 1994 communi,
1039 1916 1124 1978 aliud

190 2013 231 2075 ab
250 2012 424 2075 individuo.
446 2013 482 2074 ln
502 2011 672 2088 communi,
699 2010 833 2073 intendit
847 2012 1042 2092 progeniem,
1068 2013 1125 2075 aed

191 2128 253 2172 non
267 2110 312 2173 ita
326 2112 361 2173 ut
374 2100 440 2172 aine
455 2128 494 2171 ea
507 2127 570 2174 non
584 2107 772 2169 coexisteret
785 2107 1031 2171 matrimonium.

461 2274 496 2318 11.
508 2275 539 2319 De
551 2272 708 2329 degradatione
720 2274 857 2319 matrimonii.

230 2395 268 2455 11.
281 2394 339 2454 Diu
354 2410 416 2454 non
431 2394 518 2455 stetit
530 2392 652 2454 indoles
666 2392 825 2471 primitiva
834 2392 1042 2468 matrimonii;
1060 2410 1125 2455 non

190 2494 297 2551 tamen
318 2488 402 2567 quod
422 2486 578 2568 objeotive
598 2488 790 2551 matrimonii
812 2493 936 2565 natura,
953 2488 1058 2561 etlex
1079 2488 1124 2549 illi

190 2583 383 2664 respondens
396 2589 428 2647 et
441 2603 480 2645 ex
494 2603 532 2646 ea
552 2587 712 2664 profluens
727 2585 885 2647 immutari
903 2585 1050 2663 potuerit,
1067 2586 1124 2647 aed

191 2686 345 2766 qnatenus
358 2700 416 2761 per
429 2686 594 2762 peceatum
608 2683 792 2764 degradato,
803 2686 917 2745 natura
929 2683 1033 2760 impar
1047 2702 1125 2763 qno-

191 2779 359 2843 dammodo
370 2780 482 2841 efferta
492 2783 549 2856 eat,
561 2798 632 2859 quae
643 2780 725 2841 illius
740 2778 904 2857 primitiva
918 2778 1125 2841 insu'tutionis

190 2877 389 2940 aanotitatem
419 2880 580 2953 servaret,
614 2877 780 2956 legemque
807 2874 853 2935 illi
879 2874 1125 2953 respondentem

189 2974 386 3052 adimpleret.
404 2974 558 3051 Namque,
570 2972 738 3035 attenuatio
754 2988 811 3049 per
824 2975 989 3050 peceatum
1003 2969 1124 3031 viribus

189 3069 364 3131 intellectus
385 3072 417 3131 et
439 3068 624 3144 voluntatis,
650 3068 787 3147 impares
810 3067 913 3129 effecti
936 3082 1043 3128 sumus
1069 3066 1127 3146 qui

191 3164 369 3225 universam
402 3166 507 3245 legem
539 3166 716 3227 naturalem
751 3165 936 3245 oonoipere,
971 3164 1124 3243 illamque

191 3260 362 3337 adimplere
377 3262 542 3337 possimne.
637 3308 639 3313 .

229 3354 301 3415 lam
324 3370 398 3415 vero
418 3354 498 3434 juris
519 3356 670 3418 naturalis
692 3374 755 3417 non
776 3356 891 3437 exigna
910 3373 984 3435 pars
1004 3359 1052 3417 est
1070 3354 1126 3435 jus

189 3448 431 3525 matrimoniale,
448 3455 480 3513 et
492 3452 518 3512 ai
533 3469 603 3531 qua
621 3452 701 3533 juris
715 3452 866 3515 naturalis
880 3470 954 3531 pars
968 3454 1015 3515 eet
1031 3450 1124 3531 eujus

190 3551 335 3625 respectu
365 3548 484 3608 natura
509 3551 624 3609 nostrae
652 3548 840 3611 inordinatio
864 3551 967 3627 potest
992 3546 1123 3627 epeoiali
