<?xml version="1.0" encoding="UTF-8"?>
<!DOCTYPE html PUBLIC "-//W3C//DTD XHTML 1.0 Transitional//EN"
    "http://www.w3.org/TR/xhtml1/DTD/xhtml1-transitional.dtd">
<html xmlns="http://www.w3.org/1999/xhtml" xml:lang="en" lang="en">
 <head>
  <title>
</title>
<meta http-equiv="Content-Type" content="text/html;charset=utf-8" />
  <meta name='ocr-system' content='tesseract 3.04.00' />
  <meta name='ocr-capabilities' content='ocr_page ocr_carea ocr_par ocr_line ocrx_word'/>
</head>
<body>
  <div class='ocr_page' id='page_1' title='image "./institutionesju04marigoog_0235.png"; bbox 0 0 2442 4125; ppageno 0'>
   <div class='ocr_carea' id='block_1_1' title="bbox 327 343 1029 403">
    <p class='ocr_par' dir='ltr' id='par_1_1' title="bbox 327 343 1029 403">
     <span class='ocr_line' id='line_1_1' title="bbox 327 343 1029 403; baseline 0.011 -8"><span class='ocrx_word' id='word_1_1' title='bbox 327 351 365 396; x_wconf 85' lang='lat' dir='ltr'><strong>ns</strong></span> <span class='ocrx_word' id='word_1_2' title='bbox 386 351 516 396; x_wconf 79' lang='lat' dir='ltr'><strong>nurnero</strong></span> <span class='ocrx_word' id='word_1_3' title='bbox 536 351 620 397; x_wconf 80' lang='lat' dir='ltr'><strong>runis</strong></span> <span class='ocrx_word' id='word_1_4' title='bbox 642 351 798 398; x_wconf 68' lang='lat' dir='ltr'><strong>erronica</strong></span> <span class='ocrx_word' id='word_1_5' title='bbox 969 343 1029 403; x_wconf 75' lang='lat'><strong>225</strong></span> 
     </span>
    </p>
   </div>
   <div class='ocr_carea' id='block_1_2' title="bbox 65 495 1045 3437">
    <p class='ocr_par' dir='ltr' id='par_1_2' title="bbox 65 495 1031 670">
     <span class='ocr_line' id='line_1_2' title="bbox 65 495 1031 582; baseline 0.007 -26"><span class='ocrx_word' id='word_1_6' title='bbox 65 497 165 558; x_wconf 86' lang='lat' dir='ltr'><strong>intra</strong></span> <span class='ocrx_word' id='word_1_7' title='bbox 181 495 357 574; x_wconf 79' lang='lat' dir='ltr'><strong>propriam</strong></span> <span class='ocrx_word' id='word_1_8' title='bbox 371 495 566 574; x_wconf 86' lang='lat' dir='ltr'><strong>parochiam,</strong></span> <span class='ocrx_word' id='word_1_9' title='bbox 583 501 615 559; x_wconf 88' lang='lat' dir='ltr'><strong>st</strong></span> <span class='ocrx_word' id='word_1_10' title='bbox 628 499 730 579; x_wconf 89' lang='lat' dir='ltr'><strong>qualis</strong></span> <span class='ocrx_word' id='word_1_11' title='bbox 749 501 919 579; x_wconf 73' lang='lat' dir='ltr'><strong>praesentia</strong></span> <span class='ocrx_word' id='word_1_12' title='bbox 936 519 1031 582; x_wconf 88' lang='lat' dir='ltr'><strong>paro·</strong></span> 
     </span>
     <span class='ocr_line' id='line_1_3' title="bbox 67 589 672 670; baseline 0 -18"><span class='ocrx_word' id='word_1_13' title='bbox 67 593 241 666; x_wconf 88' lang='lat' dir='ltr'><strong>chorum,</strong></span> <span class='ocrx_word' id='word_1_14' title='bbox 259 591 314 650; x_wconf 89' lang='lat' dir='ltr'><strong>aut</strong></span> <span class='ocrx_word' id='word_1_15' title='bbox 325 589 454 652; x_wconf 89' lang='lat' dir='ltr'><strong>testium</strong></span> <span class='ocrx_word' id='word_1_16' title='bbox 468 592 672 670; x_wconf 77' lang='lat' dir='ltr'><strong>requiratur?</strong></span> 
     </span>
    </p>

    <p class='ocr_par' dir='ltr' id='par_1_3' title="bbox 68 685 1039 2091">
     <span class='ocr_line' id='line_1_4' title="bbox 112 685 1033 768; baseline 0.005 -20"><span class='ocrx_word' id='word_1_17' title='bbox 112 687 170 748; x_wconf 81' lang='lat' dir='ltr'><strong>Ad</strong></span> <span class='ocrx_word' id='word_1_18' title='bbox 187 685 335 766; x_wconf 87' lang='lat' dir='ltr'><strong>primam</strong></span> <span class='ocrx_word' id='word_1_19' title='bbox 351 687 557 765; x_wconf 86' lang='lat' dir='ltr'><strong>quaestionem</strong></span> <span class='ocrx_word' id='word_1_20' title='bbox 568 688 637 768; x_wconf 76' lang='lat' dir='ltr'><strong>J&#39;am</strong></span> <span class='ocrx_word' id='word_1_21' title='bbox 649 705 837 768; x_wconf 88' lang='lat' dir='ltr'><strong>responsam</strong></span> <span class='ocrx_word' id='word_1_22' title='bbox 851 689 920 766; x_wconf 85' lang='lat' dir='ltr'><strong>tuit,</strong></span> <span class='ocrx_word' id='word_1_23' title='bbox 946 692 1033 753; x_wconf 84' lang='lat' dir='ltr'><strong>suffl-</strong></span> 
     </span>
     <span class='ocr_line' id='line_1_5' title="bbox 71 781 1030 865; baseline 0.003 -20"><span class='ocrx_word' id='word_1_24' title='bbox 71 801 154 845; x_wconf 88' lang='lat' dir='ltr'><strong>oere</strong></span> <span class='ocrx_word' id='word_1_25' title='bbox 171 781 315 858; x_wconf 89' lang='lat' dir='ltr'><strong>scilicet,</strong></span> <span class='ocrx_word' id='word_1_26' title='bbox 332 781 358 842; x_wconf 91' lang='lat' dir='ltr'><strong>si</strong></span> <span class='ocrx_word' id='word_1_27' title='bbox 374 782 555 844; x_wconf 81' lang='lat' dir='ltr'>alterutrius</span> <span class='ocrx_word' id='word_1_28' title='bbox 569 784 676 864; x_wconf 90' lang='lat' dir='ltr'><strong>sponsi</strong></span> <span class='ocrx_word' id='word_1_29' title='bbox 690 784 819 861; x_wconf 85' lang='lat' dir='ltr'><strong>scilieet,</strong></span> <span class='ocrx_word' id='word_1_30' title='bbox 831 786 881 845; x_wconf 88' lang='lat' dir='ltr'><strong>vel</strong></span> <span class='ocrx_word' id='word_1_31' title='bbox 895 801 1030 865; x_wconf 73' lang='lat' dir='ltr'><strong>sponse,</strong></span> 
     </span>
     <span class='ocr_line' id='line_1_6' title="bbox 68 876 1033 959; baseline 0.002 -19"><span class='ocrx_word' id='word_1_32' title='bbox 68 879 268 958; x_wconf 82' lang='lat' dir='ltr'>parochus,</span> <span class='ocrx_word' id='word_1_33' title='bbox 283 878 333 938; x_wconf 91' lang='lat' dir='ltr'><strong>vel</strong></span> <span class='ocrx_word' id='word_1_34' title='bbox 349 876 526 939; x_wconf 90' lang='lat' dir='ltr'><strong>ordinarius</strong></span> <span class='ocrx_word' id='word_1_35' title='bbox 541 880 679 956; x_wconf 80' lang='lat' dir='ltr'><strong>assistat,</strong></span> <span class='ocrx_word' id='word_1_36' title='bbox 697 881 842 959; x_wconf 85' lang='lat' dir='ltr'><strong>quamvis</strong></span> <span class='ocrx_word' id='word_1_37' title='bbox 856 880 896 942; x_wconf 88' lang='lat' dir='ltr'><strong>sit</strong></span> <span class='ocrx_word' id='word_1_38' title='bbox 907 899 1033 942; x_wconf 83' lang='lat' dir='ltr'><strong>excom-</strong></span> 
     </span>
     <span class='ocr_line' id='line_1_7' title="bbox 71 971 1034 1052; baseline 0.003 -20"><span class='ocrx_word' id='word_1_39' title='bbox 71 971 289 1047; x_wconf 85' lang='lat' dir='ltr'><strong>municatus,</strong></span> <span class='ocrx_word' id='word_1_40' title='bbox 306 987 487 1049; x_wconf 87' lang='lat' dir='ltr'><strong>suspensus,</strong></span> <span class='ocrx_word' id='word_1_41' title='bbox 504 972 554 1033; x_wconf 82' lang='lat' dir='ltr'><strong>vel</strong></span> <span class='ocrx_word' id='word_1_42' title='bbox 573 971 767 1052; x_wconf 80' lang='lat' dir='ltr'><strong>irregularis,</strong></span> <span class='ocrx_word' id='word_1_43' title='bbox 790 974 885 1037; x_wconf 91' lang='lat' dir='ltr'><strong>modo</strong></span> <span class='ocrx_word' id='word_1_44' title='bbox 906 975 1034 1037; x_wconf 85' lang='lat' dir='ltr'><strong>actuali-</strong></span> 
     </span>
     <span class='ocr_line' id='line_1_8' title="bbox 74 1064 1034 1145; baseline 0.001 -17"><span class='ocrx_word' id='word_1_45' title='bbox 74 1072 128 1128; x_wconf 90' lang='lat' dir='ltr'><strong>ter</strong></span> <span class='ocrx_word' id='word_1_46' title='bbox 144 1082 219 1127; x_wconf 92' lang='lat' dir='ltr'><strong>non</strong></span> <span class='ocrx_word' id='word_1_47' title='bbox 239 1064 282 1126; x_wconf 89' lang='lat' dir='ltr'><strong>sit</strong></span> <span class='ocrx_word' id='word_1_48' title='bbox 295 1065 466 1144; x_wconf 89' lang='lat' dir='ltr'><strong>depositus,</strong></span> <span class='ocrx_word' id='word_1_49' title='bbox 484 1069 515 1127; x_wconf 89' lang='lat' dir='ltr'><strong>et</strong></span> <span class='ocrx_word' id='word_1_50' title='bbox 530 1067 676 1145; x_wconf 86' lang='lat' dir='ltr'><strong>quamvis</strong></span> <span class='ocrx_word' id='word_1_51' title='bbox 694 1065 819 1128; x_wconf 90' lang='lat' dir='ltr'><strong>titulum</strong></span> <span class='ocrx_word' id='word_1_52' title='bbox 836 1072 960 1130; x_wconf 83' lang='lat' dir='ltr'><strong>tentum</strong></span> <span class='ocrx_word' id='word_1_53' title='bbox 980 1086 1034 1130; x_wconf 88' lang='lat' dir='ltr'><strong>co·</strong></span> 
     </span>
     <span class='ocr_line' id='line_1_9' title="bbox 72 1159 1035 1243; baseline 0.002 -21"><span class='ocrx_word' id='word_1_54' title='bbox 72 1163 232 1223; x_wconf 89' lang='lat' dir='ltr'><strong>loratum</strong></span> <span class='ocrx_word' id='word_1_55' title='bbox 248 1159 366 1220; x_wconf 87' lang='lat' dir='ltr'><strong>habeat</strong></span> <span class='ocrx_word' id='word_1_56' title='bbox 379 1177 451 1221; x_wconf 88' lang='lat' dir='ltr'><strong>cum</strong></span> <span class='ocrx_word' id='word_1_57' title='bbox 465 1164 627 1222; x_wconf 88' lang='lat' dir='ltr'><strong>communi</strong></span> <span class='ocrx_word' id='word_1_58' title='bbox 640 1180 758 1239; x_wconf 88' lang='lat' dir='ltr'><strong>errore,</strong></span> <span class='ocrx_word' id='word_1_59' title='bbox 779 1167 840 1224; x_wconf 86' lang='lat' dir='ltr'><strong>etc.</strong></span> <span class='ocrx_word' id='word_1_60' title='bbox 860 1167 928 1225; x_wconf 90' lang='lat' dir='ltr'><strong>tum</strong></span> <span class='ocrx_word' id='word_1_61' title='bbox 949 1163 1035 1243; x_wconf 91' lang='lat' dir='ltr'><strong>quod</strong></span> 
     </span>
     <span class='ocr_line' id='line_1_10' title="bbox 77 1257 1035 1341; baseline 0.004 -23"><span class='ocrx_word' id='word_1_62' title='bbox 77 1258 173 1320; x_wconf 87' lang='lat' dir='ltr'><strong>idem</strong></span> <span class='ocrx_word' id='word_1_63' title='bbox 205 1257 376 1336; x_wconf 85' lang='lat' dir='ltr'><strong>utriusque</strong></span> <span class='ocrx_word' id='word_1_64' title='bbox 400 1257 525 1334; x_wconf 85' lang='lat' dir='ltr'>sponsi,</span> <span class='ocrx_word' id='word_1_65' title='bbox 551 1258 657 1339; x_wconf 92' lang='lat' dir='ltr'><strong>quoad</strong></span> <span class='ocrx_word' id='word_1_66' title='bbox 680 1259 764 1320; x_wconf 91' lang='lat' dir='ltr'><strong>bunc</strong></span> <span class='ocrx_word' id='word_1_67' title='bbox 787 1265 911 1337; x_wconf 90' lang='lat' dir='ltr'><strong>aetum,</strong></span> <span class='ocrx_word' id='word_1_68' title='bbox 940 1260 1035 1341; x_wconf 83' lang='lat' dir='ltr'><strong>hujus</strong></span> 
     </span>
     <span class='ocr_line' id='line_1_11' title="bbox 78 1352 1036 1437; baseline 0.004 -22"><span class='ocrx_word' id='word_1_69' title='bbox 78 1352 291 1416; x_wconf 74' lang='lat' dir='ltr'><strong>sacramenti</strong></span> <span class='ocrx_word' id='word_1_70' title='bbox 307 1357 473 1415; x_wconf 89' lang='lat' dir='ltr'><strong>censeatur</strong></span> <span class='ocrx_word' id='word_1_71' title='bbox 486 1355 654 1433; x_wconf 76' lang='lat' dir='ltr'><strong>parochus,</strong></span> <span class='ocrx_word' id='word_1_72' title='bbox 670 1360 739 1418; x_wconf 91' lang='lat' dir='ltr'><strong>tum</strong></span> <span class='ocrx_word' id='word_1_73' title='bbox 757 1357 842 1437; x_wconf 90' lang='lat' dir='ltr'><strong>qnod</strong></span> <span class='ocrx_word' id='word_1_74' title='bbox 863 1357 1036 1419; x_wconf 84' lang='lat' dir='ltr'><strong>sacerdotis</strong></span> 
     </span>
     <span class='ocr_line' id='line_1_12' title="bbox 81 1446 1036 1535; baseline 0.003 -25"><span class='ocrx_word' id='word_1_75' title='bbox 81 1450 235 1532; x_wconf 89' lang='lat' dir='ltr'><strong>qualitas</strong></span> <span class='ocrx_word' id='word_1_76' title='bbox 249 1446 284 1508; x_wconf 92' lang='lat' dir='ltr'><strong>in</strong></span> <span class='ocrx_word' id='word_1_77' title='bbox 297 1449 435 1526; x_wconf 91' lang='lat' dir='ltr'><strong>parocho</strong></span> <span class='ocrx_word' id='word_1_78' title='bbox 450 1467 512 1510; x_wconf 89' lang='lat' dir='ltr'><strong>non</strong></span> <span class='ocrx_word' id='word_1_79' title='bbox 527 1454 653 1528; x_wconf 80' lang='lat' dir='ltr'><strong>petetur</strong></span> <span class='ocrx_word' id='word_1_80' title='bbox 666 1470 686 1512; x_wconf 88' lang='lat' dir='ltr'><strong>a</strong></span> <span class='ocrx_word' id='word_1_81' title='bbox 700 1453 845 1529; x_wconf 90' lang='lat' dir='ltr'><strong>concilio,</strong></span> <span class='ocrx_word' id='word_1_82' title='bbox 866 1457 934 1515; x_wconf 90' lang='lat' dir='ltr'><strong>tum</strong></span> <span class='ocrx_word' id='word_1_83' title='bbox 949 1453 1036 1535; x_wconf 90' lang='lat' dir='ltr'><strong>quod</strong></span> 
     </span>
     <span class='ocr_line' id='line_1_13' title="bbox 82 1545 1036 1628; baseline 0.004 -22"><span class='ocrx_word' id='word_1_84' title='bbox 82 1563 243 1608; x_wconf 83' lang='lat' dir='ltr'><strong>censurae</strong></span> <span class='ocrx_word' id='word_1_85' title='bbox 273 1545 333 1606; x_wconf 86' lang='lat' dir='ltr'><strong>itlae</strong></span> <span class='ocrx_word' id='word_1_86' title='bbox 359 1562 422 1606; x_wconf 92' lang='lat' dir='ltr'><strong>non</strong></span> <span class='ocrx_word' id='word_1_87' title='bbox 445 1545 557 1608; x_wconf 82' lang='lat' dir='ltr'><strong>tollent</strong></span> <span class='ocrx_word' id='word_1_88' title='bbox 578 1547 732 1609; x_wconf 88' lang='lat' dir='ltr'><strong>rationem</strong></span> <span class='ocrx_word' id='word_1_89' title='bbox 754 1548 884 1626; x_wconf 77' lang='lat' dir='ltr'><strong>parochi</strong></span> <span class='ocrx_word' id='word_1_90' title='bbox 909 1551 1036 1628; x_wconf 88' lang='lat' dir='ltr'><strong>proprie</strong></span> 
     </span>
     <span class='ocr_line' id='line_1_14' title="bbox 85 1641 1038 1724; baseline 0.006 -23"><span class='ocrx_word' id='word_1_91' title='bbox 85 1641 189 1719; x_wconf 89' lang='lat' dir='ltr'><strong>dicti,</strong></span> <span class='ocrx_word' id='word_1_92' title='bbox 225 1645 262 1702; x_wconf 87' lang='lat' dir='ltr'><strong>et</strong></span> <span class='ocrx_word' id='word_1_93' title='bbox 284 1641 462 1704; x_wconf 80' lang='lat' dir='ltr'><strong>assistentia</strong></span> <span class='ocrx_word' id='word_1_94' title='bbox 485 1643 555 1704; x_wconf 90' lang='lat' dir='ltr'><strong>talis</strong></span> <span class='ocrx_word' id='word_1_95' title='bbox 579 1662 643 1705; x_wconf 92' lang='lat' dir='ltr'><strong>non</strong></span> <span class='ocrx_word' id='word_1_96' title='bbox 665 1647 733 1704; x_wconf 82' lang='lat' dir='ltr'><strong>tem</strong></span> <span class='ocrx_word' id='word_1_97' title='bbox 761 1644 801 1704; x_wconf 91' lang='lat' dir='ltr'><strong>sit</strong></span> <span class='ocrx_word' id='word_1_98' title='bbox 827 1646 917 1704; x_wconf 86' lang='lat' dir='ltr'><strong>setus</strong></span> <span class='ocrx_word' id='word_1_99' title='bbox 941 1644 1038 1724; x_wconf 88' lang='lat' dir='ltr'><strong>juris·</strong></span> 
     </span>
     <span class='ocr_line' id='line_1_15' title="bbox 86 1735 1038 1817; baseline 0.003 -20"><span class='ocrx_word' id='word_1_100' title='bbox 86 1735 260 1815; x_wconf 88' lang='lat' dir='ltr'><strong>dictionis,</strong></span> <span class='ocrx_word' id='word_1_101' title='bbox 287 1755 382 1817; x_wconf 88' lang='lat' dir='ltr'><strong>quem</strong></span> <span class='ocrx_word' id='word_1_102' title='bbox 405 1738 536 1801; x_wconf 87' lang='lat' dir='ltr'><strong>fortasse</strong></span> <span class='ocrx_word' id='word_1_103' title='bbox 555 1740 662 1800; x_wconf 88' lang='lat' dir='ltr'><strong>taliter</strong></span> <span class='ocrx_word' id='word_1_104' title='bbox 684 1741 870 1800; x_wconf 87' lang='lat' dir='ltr'><strong>censuratus</strong></span> <span class='ocrx_word' id='word_1_105' title='bbox 890 1757 1038 1802; x_wconf 83' lang='lat' dir='ltr'><strong>exercere</strong></span> 
     </span>
     <span class='ocr_line' id='line_1_16' title="bbox 87 1832 1039 1912; baseline 0.002 -20"><span class='ocrx_word' id='word_1_106' title='bbox 87 1850 155 1894; x_wconf 93' lang='lat' dir='ltr'><strong>non</strong></span> <span class='ocrx_word' id='word_1_107' title='bbox 185 1837 315 1912; x_wconf 89' lang='lat' dir='ltr'><strong>potest,</strong></span> <span class='ocrx_word' id='word_1_108' title='bbox 345 1833 399 1894; x_wconf 90' lang='lat' dir='ltr'><strong>sed</strong></span> <span class='ocrx_word' id='word_1_109' title='bbox 426 1833 467 1894; x_wconf 89' lang='lat' dir='ltr'><strong>sit</strong></span> <span class='ocrx_word' id='word_1_110' title='bbox 489 1836 577 1895; x_wconf 89' lang='lat' dir='ltr'><strong>actus</strong></span> <span class='ocrx_word' id='word_1_111' title='bbox 601 1833 791 1909; x_wconf 88' lang='lat' dir='ltr'><strong>testimonii,</strong></span> <span class='ocrx_word' id='word_1_112' title='bbox 816 1850 855 1892; x_wconf 87' lang='lat' dir='ltr'><strong>ex</strong></span> <span class='ocrx_word' id='word_1_113' title='bbox 878 1832 1039 1911; x_wconf 87' lang='lat' dir='ltr'><strong>dispensa·</strong></span> 
     </span>
     <span class='ocr_line' id='line_1_17' title="bbox 89 1927 1038 2011; baseline 0.003 -26"><span class='ocrx_word' id='word_1_114' title='bbox 89 1927 178 1990; x_wconf 91' lang='lat' dir='ltr'><strong>tione</strong></span> <span class='ocrx_word' id='word_1_115' title='bbox 191 1928 280 2011; x_wconf 87' lang='lat' dir='ltr'><strong>juris</strong></span> <span class='ocrx_word' id='word_1_116' title='bbox 295 1929 336 1990; x_wconf 92' lang='lat' dir='ltr'><strong>ad</strong></span> <span class='ocrx_word' id='word_1_117' title='bbox 351 1929 492 1991; x_wconf 87' lang='lat' dir='ltr'><strong>valorem</strong></span> <span class='ocrx_word' id='word_1_118' title='bbox 505 1929 697 1990; x_wconf 87' lang='lat' dir='ltr'><strong>matrimonii</strong></span> <span class='ocrx_word' id='word_1_119' title='bbox 707 1929 889 2007; x_wconf 90' lang='lat' dir='ltr'><strong>requisitus,</strong></span> <span class='ocrx_word' id='word_1_120' title='bbox 901 1928 942 1990; x_wconf 91' lang='lat' dir='ltr'><strong>ad</strong></span> <span class='ocrx_word' id='word_1_121' title='bbox 953 1929 1038 2008; x_wconf 90' lang='lat' dir='ltr'><strong>quod</strong></span> 
     </span>
     <span class='ocr_line' id='line_1_18' title="bbox 91 2024 1039 2091; baseline -0.004 -1"><span class='ocrx_word' id='word_1_122' title='bbox 91 2028 214 2091; x_wconf 84' lang='lat' dir='ltr'><strong>sufficit</strong></span> <span class='ocrx_word' id='word_1_123' title='bbox 229 2026 329 2089; x_wconf 89' lang='lat' dir='ltr'><strong>etiam</strong></span> <span class='ocrx_word' id='word_1_124' title='bbox 342 2026 451 2089; x_wconf 87' lang='lat' dir='ltr'><strong>titulus</strong></span> <span class='ocrx_word' id='word_1_125' title='bbox 469 2029 591 2090; x_wconf 90' lang='lat' dir='ltr'><strong>tantum</strong></span> <span class='ocrx_word' id='word_1_126' title='bbox 612 2024 769 2089; x_wconf 89' lang='lat' dir='ltr'><strong>coloratus</strong></span> <span class='ocrx_word' id='word_1_127' title='bbox 787 2041 860 2085; x_wconf 88' lang='lat' dir='ltr'><strong>cum</strong></span> <span class='ocrx_word' id='word_1_128' title='bbox 878 2024 1039 2087; x_wconf 87' lang='lat' dir='ltr'><strong>communi</strong></span> 
     </span>
    </p>

    <p class='ocr_par' dir='ltr' id='par_1_4' title="bbox 93 2143 218 2187">
     <span class='ocr_line' id='line_1_19' title="bbox 93 2143 218 2187; baseline 0.024 -3"><span class='ocrx_word' id='word_1_129' title='bbox 93 2143 218 2187; x_wconf 88' lang='lat' dir='ltr'><strong>errore.</strong></span> 
     </span>
    </p>

    <p class='ocr_par' dir='ltr' id='par_1_5' title="bbox 97 2216 1045 3437">
     <span class='ocr_line' id='line_1_20' title="bbox 133 2216 1039 2301; baseline -0.004 -19"><span class='ocrx_word' id='word_1_130' title='bbox 133 2222 203 2282; x_wconf 92' lang='lat' dir='ltr'><strong>lmo</strong></span> <span class='ocrx_word' id='word_1_131' title='bbox 244 2220 317 2301; x_wconf 83' lang='lat' dir='ltr'><strong>vagi</strong></span> <span class='ocrx_word' id='word_1_132' title='bbox 352 2220 538 2281; x_wconf 79' lang='lat' dir='ltr'><strong>contrahere</strong></span> <span class='ocrx_word' id='word_1_133' title='bbox 574 2221 707 2297; x_wconf 90' lang='lat' dir='ltr'><strong>possunt</strong></span> <span class='ocrx_word' id='word_1_134' title='bbox 733 2216 858 2294; x_wconf 83' lang='lat' dir='ltr'><strong>ualida,</strong></span> <span class='ocrx_word' id='word_1_135' title='bbox 890 2220 922 2279; x_wconf 93' lang='lat' dir='ltr'><strong>et</strong></span> <span class='ocrx_word' id='word_1_136' title='bbox 954 2216 1039 2279; x_wconf 91' lang='lat' dir='ltr'><strong>licite</strong></span> 
     </span>
     <span class='ocr_line' id='line_1_21' title="bbox 97 2308 1041 2394; baseline -0.001 -22"><span class='ocrx_word' id='word_1_137' title='bbox 97 2331 207 2375; x_wconf 89' lang='lat' dir='ltr'><strong>coram</strong></span> <span class='ocrx_word' id='word_1_138' title='bbox 236 2313 378 2394; x_wconf 89' lang='lat' dir='ltr'><strong>quolibet</strong></span> <span class='ocrx_word' id='word_1_139' title='bbox 400 2312 556 2391; x_wconf 78' lang='lat' dir='ltr'><strong>parocho,</strong></span> <span class='ocrx_word' id='word_1_140' title='bbox 578 2310 671 2390; x_wconf 85' lang='lat' dir='ltr'><strong>juxta</strong></span> <span class='ocrx_word' id='word_1_141' title='bbox 693 2308 890 2389; x_wconf 88' lang='lat' dir='ltr'><strong>probabilem</strong></span> <span class='ocrx_word' id='word_1_142' title='bbox 913 2316 1041 2371; x_wconf 84' lang='lat' dir='ltr'><strong>senteu-</strong></span> 
     </span>
     <span class='ocr_line' id='line_1_22' title="bbox 97 2406 1039 2489; baseline -0.001 -20"><span class='ocrx_word' id='word_1_143' title='bbox 97 2409 193 2483; x_wconf 84' lang='lat' dir='ltr'><strong>tiam3</strong></span> <span class='ocrx_word' id='word_1_144' title='bbox 211 2408 412 2489; x_wconf 87' lang='lat' dir='ltr'><strong>probabilius</strong></span> <span class='ocrx_word' id='word_1_145' title='bbox 426 2410 532 2469; x_wconf 88' lang='lat' dir='ltr'><strong>tamen</strong></span> <span class='ocrx_word' id='word_1_146' title='bbox 548 2411 604 2483; x_wconf 91' lang='lat' dir='ltr'><strong>est,</strong></span> <span class='ocrx_word' id='word_1_147' title='bbox 623 2406 707 2486; x_wconf 89' lang='lat' dir='ltr'><strong>quod</strong></span> <span class='ocrx_word' id='word_1_148' title='bbox 723 2423 830 2468; x_wconf 90' lang='lat' dir='ltr'><strong>coram</strong></span> <span class='ocrx_word' id='word_1_149' title='bbox 843 2424 881 2468; x_wconf 92' lang='lat' dir='ltr'><strong>eo</strong></span> <span class='ocrx_word' id='word_1_150' title='bbox 899 2408 1039 2487; x_wconf 87' lang='lat' dir='ltr'><strong>parocho</strong></span> 
     </span>
     <span class='ocr_line' id='line_1_23' title="bbox 98 2503 1040 2583; baseline -0.001 -22"><span class='ocrx_word' id='word_1_151' title='bbox 98 2503 245 2583; x_wconf 80' lang='lat' dir='ltr'><strong>legitime</strong></span> <span class='ocrx_word' id='word_1_152' title='bbox 267 2508 392 2567; x_wconf 88' lang='lat' dir='ltr'><strong>tantum</strong></span> <span class='ocrx_word' id='word_1_153' title='bbox 412 2504 610 2581; x_wconf 88' lang='lat' dir='ltr'><strong>contrahant,</strong></span> <span class='ocrx_word' id='word_1_154' title='bbox 636 2504 668 2563; x_wconf 90' lang='lat' dir='ltr'><strong>in</strong></span> <span class='ocrx_word' id='word_1_155' title='bbox 690 2503 781 2583; x_wconf 90' lang='lat' dir='ltr'><strong>cujus</strong></span> <span class='ocrx_word' id='word_1_156' title='bbox 800 2504 953 2581; x_wconf 89' lang='lat' dir='ltr'><strong>parochia</strong></span> <span class='ocrx_word' id='word_1_157' title='bbox 971 2506 1040 2564; x_wconf 88' lang='lat' dir='ltr'><strong>tum</strong></span> 
     </span>
     <span class='ocr_line' id='line_1_24' title="bbox 101 2600 1037 2679; baseline -0.001 -21"><span class='ocrx_word' id='word_1_158' title='bbox 101 2607 283 2679; x_wconf 86' lang='lat' dir='ltr'><strong>versantur,</strong></span> <span class='ocrx_word' id='word_1_159' title='bbox 300 2620 373 2662; x_wconf 89' lang='lat' dir='ltr'><strong>cum</strong></span> <span class='ocrx_word' id='word_1_160' title='bbox 387 2600 449 2661; x_wconf 89' lang='lat' dir='ltr'><strong>alia</strong></span> <span class='ocrx_word' id='word_1_161' title='bbox 464 2601 559 2662; x_wconf 90' lang='lat' dir='ltr'><strong>etiam</strong></span> <span class='ocrx_word' id='word_1_162' title='bbox 572 2603 772 2661; x_wconf 88' lang='lat' dir='ltr'><strong>sacramenta</strong></span> <span class='ocrx_word' id='word_1_163' title='bbox 786 2600 828 2658; x_wconf 89' lang='lat' dir='ltr'><strong>ab</strong></span> <span class='ocrx_word' id='word_1_164' title='bbox 842 2601 903 2659; x_wconf 88' lang='lat' dir='ltr'><strong>boe</strong></span> <span class='ocrx_word' id='word_1_165' title='bbox 917 2602 1037 2677; x_wconf 88' lang='lat' dir='ltr'><strong>petere,</strong></span> 
     </span>
     <span class='ocr_line' id='line_1_25' title="bbox 103 2691 1041 2776; baseline -0.007 -20"><span class='ocrx_word' id='word_1_166' title='bbox 103 2698 134 2756; x_wconf 90' lang='lat' dir='ltr'><strong>et</strong></span> <span class='ocrx_word' id='word_1_167' title='bbox 154 2699 323 2776; x_wconf 85' lang='lat' dir='ltr'><strong>percipere</strong></span> <span class='ocrx_word' id='word_1_168' title='bbox 347 2696 514 2757; x_wconf 88' lang='lat' dir='ltr'><strong>debeant:</strong></span> <span class='ocrx_word' id='word_1_169' title='bbox 542 2696 721 2775; x_wconf 89' lang='lat' dir='ltr'><strong>quicunque</strong></span> <span class='ocrx_word' id='word_1_170' title='bbox 746 2697 854 2753; x_wconf 89' lang='lat' dir='ltr'><strong>tamen</strong></span> <span class='ocrx_word' id='word_1_171' title='bbox 882 2691 1041 2768; x_wconf 88' lang='lat' dir='ltr'><strong>parochus</strong></span> 
     </span>
     <span class='ocr_line' id='line_1_26' title="bbox 104 2784 1041 2869; baseline -0.006 -21"><span class='ocrx_word' id='word_1_172' title='bbox 104 2805 201 2869; x_wconf 80' lang='lat' dir='ltr'><strong>vagos</strong></span> <span class='ocrx_word' id='word_1_173' title='bbox 215 2791 297 2853; x_wconf 89' lang='lat' dir='ltr'><strong>tales</strong></span> <span class='ocrx_word' id='word_1_174' title='bbox 312 2789 485 2869; x_wconf 83' lang='lat' dir='ltr'><strong>conjungit,</strong></span> <span class='ocrx_word' id='word_1_175' title='bbox 498 2788 667 2868; x_wconf 80' lang='lat' dir='ltr'><strong>diligenter</strong></span> <span class='ocrx_word' id='word_1_176' title='bbox 680 2788 831 2867; x_wconf 81' lang='lat' dir='ltr'><strong>praestare</strong></span> <span class='ocrx_word' id='word_1_177' title='bbox 847 2784 953 2859; x_wconf 91' lang='lat' dir='ltr'><strong>debet,</strong></span> <span class='ocrx_word' id='word_1_178' title='bbox 970 2800 1041 2861; x_wconf 82' lang='lat' dir='ltr'><strong>quae</strong></span> 
     </span>
     <span class='ocr_line' id='line_1_27' title="bbox 103 2879 1039 2962; baseline -0.006 -17"><span class='ocrx_word' id='word_1_179' title='bbox 103 2882 162 2961; x_wconf 87' lang='lat' dir='ltr'><strong>ipsi</strong></span> <span class='ocrx_word' id='word_1_180' title='bbox 177 2906 198 2948; x_wconf 91' lang='lat' dir='ltr'><strong>a</strong></span> <span class='ocrx_word' id='word_1_181' title='bbox 212 2887 396 2949; x_wconf 78' lang='lat' dir='ltr'><strong>Tridentino</strong></span> <span class='ocrx_word' id='word_1_182' title='bbox 411 2904 489 2947; x_wconf 88' lang='lat' dir='ltr'><strong>sess.</strong></span> <span class='ocrx_word' id='word_1_183' title='bbox 511 2886 620 2947; x_wconf 88' lang='lat' dir='ltr'>XXIV.</span> <span class='ocrx_word' id='word_1_184' title='bbox 643 2902 712 2962; x_wconf 84' lang='lat' dir='ltr'><strong>cap.</strong></span> <span class='ocrx_word' id='word_1_185' title='bbox 735 2898 791 2943; x_wconf 85' lang='lat' dir='ltr'><strong>vn.</strong></span> <span class='ocrx_word' id='word_1_186' title='bbox 814 2881 859 2941; x_wconf 84' lang='lat' dir='ltr'><strong>De</strong></span> <span class='ocrx_word' id='word_1_187' title='bbox 877 2879 1039 2940; x_wconf 82' lang='lat' dir='ltr'><strong>reformat.</strong></span> 
     </span>
     <span class='ocr_line' id='line_1_28' title="bbox 108 2971 1043 3059; baseline -0.004 -24"><span class='ocrx_word' id='word_1_188' title='bbox 108 2975 327 3059; x_wconf 78' lang='lat' dir='ltr'><strong>injunguntur,</strong></span> <span class='ocrx_word' id='word_1_189' title='bbox 345 2984 379 3042; x_wconf 89' lang='lat' dir='ltr'><strong>nt</strong></span> <span class='ocrx_word' id='word_1_190' title='bbox 392 2980 471 3041; x_wconf 91' lang='lat' dir='ltr'><strong>tales</strong></span> <span class='ocrx_word' id='word_1_191' title='bbox 485 2978 603 3040; x_wconf 88' lang='lat' dir='ltr'><strong>seilicet</strong></span> <span class='ocrx_word' id='word_1_192' title='bbox 618 2996 680 3039; x_wconf 92' lang='lat' dir='ltr'><strong>non</strong></span> <span class='ocrx_word' id='word_1_193' title='bbox 695 2976 878 3056; x_wconf 83' lang='lat' dir='ltr'><strong>conjungat,</strong></span> <span class='ocrx_word' id='word_1_194' title='bbox 899 2971 958 3039; x_wconf 86' lang='lat' dir='ltr'><strong>nisi</strong></span> <span class='ocrx_word' id='word_1_195' title='bbox 974 2971 1043 3032; x_wconf 92' lang='lat' dir='ltr'><strong>dili·</strong></span> 
     </span>
     <span class='ocr_line' id='line_1_29' title="bbox 108 3068 1043 3157; baseline -0.004 -25"><span class='ocrx_word' id='word_1_196' title='bbox 108 3077 235 3149; x_wconf 82' lang='lat' dir='ltr'><strong>gentem</strong></span> <span class='ocrx_word' id='word_1_197' title='bbox 249 3078 336 3157; x_wconf 90' lang='lat' dir='ltr'><strong>prius</strong></span> <span class='ocrx_word' id='word_1_198' title='bbox 350 3074 585 3155; x_wconf 88' lang='lat' dir='ltr'><strong>inquisitionem</strong></span> <span class='ocrx_word' id='word_1_199' title='bbox 600 3072 639 3134; x_wconf 88' lang='lat' dir='ltr'><strong>de</strong></span> <span class='ocrx_word' id='word_1_200' title='bbox 654 3078 738 3133; x_wconf 86' lang='lat' dir='ltr'><strong>statu</strong></span> <span class='ocrx_word' id='word_1_201' title='bbox 752 3071 890 3146; x_wconf 91' lang='lat' dir='ltr'><strong>illorum,</strong></span> <span class='ocrx_word' id='word_1_202' title='bbox 907 3071 939 3129; x_wconf 90' lang='lat' dir='ltr'><strong>et</strong></span> <span class='ocrx_word' id='word_1_203' title='bbox 953 3068 1043 3129; x_wconf 90' lang='lat' dir='ltr'><strong>habi-</strong></span> 
     </span>
     <span class='ocr_line' id='line_1_30' title="bbox 110 3166 1043 3251; baseline 0.003 -25"><span class='ocrx_word' id='word_1_204' title='bbox 110 3166 195 3231; x_wconf 91' lang='lat' dir='ltr'><strong>litate</strong></span> <span class='ocrx_word' id='word_1_205' title='bbox 210 3174 329 3251; x_wconf 88' lang='lat' dir='ltr'><strong>facerit,</strong></span> <span class='ocrx_word' id='word_1_206' title='bbox 347 3192 384 3235; x_wconf 92' lang='lat' dir='ltr'><strong>ac</strong></span> <span class='ocrx_word' id='word_1_207' title='bbox 397 3174 559 3235; x_wconf 88' lang='lat' dir='ltr'><strong>licentiam</strong></span> <span class='ocrx_word' id='word_1_208' title='bbox 574 3172 615 3233; x_wconf 93' lang='lat' dir='ltr'><strong>ob</strong></span> <span class='ocrx_word' id='word_1_209' title='bbox 630 3169 789 3232; x_wconf 88' lang='lat' dir='ltr'><strong>ordinario</strong></span> <span class='ocrx_word' id='word_1_210' title='bbox 805 3167 988 3244; x_wconf 90' lang='lat' dir='ltr'><strong>obtinuerit,</strong></span> <span class='ocrx_word' id='word_1_211' title='bbox 1002 3168 1043 3229; x_wconf 92' lang='lat' dir='ltr'><strong>ob</strong></span> 
     </span>
     <span class='ocr_line' id='line_1_31' title="bbox 109 3263 1045 3346; baseline -0.002 -22"><span class='ocrx_word' id='word_1_212' title='bbox 109 3266 294 3346; x_wconf 88' lang='lat' dir='ltr'><strong>periculum,</strong></span> <span class='ocrx_word' id='word_1_213' title='bbox 311 3288 350 3330; x_wconf 91' lang='lat' dir='ltr'><strong>ne</strong></span> <span class='ocrx_word' id='word_1_214' title='bbox 364 3270 445 3331; x_wconf 89' lang='lat' dir='ltr'><strong>tales</strong></span> <span class='ocrx_word' id='word_1_215' title='bbox 460 3286 533 3331; x_wconf 91' lang='lat' dir='ltr'><strong>cum</strong></span> <span class='ocrx_word' id='word_1_216' title='bbox 547 3266 774 3346; x_wconf 88' lang='lat' dir='ltr'><strong>impedimento</strong></span> <span class='ocrx_word' id='word_1_217' title='bbox 791 3264 958 3327; x_wconf 84' lang='lat' dir='ltr'><strong>dirimente</strong></span> <span class='ocrx_word' id='word_1_218' title='bbox 974 3263 1045 3324; x_wconf 91' lang='lat' dir='ltr'><strong>nul-</strong></span> 
     </span>
     <span class='ocr_line' id='line_1_32' title="bbox 112 3355 394 3437; baseline 0.021 -18"><span class='ocrx_word' id='word_1_219' title='bbox 112 3355 182 3437; x_wconf 89' lang='lat' dir='ltr'><strong>liter</strong></span> <span class='ocrx_word' id='word_1_220' title='bbox 196 3364 394 3426; x_wconf 89' lang='lat' dir='ltr'><strong>contrabant.</strong></span> 
     </span>
    </p>
   </div>
   <div class='ocr_carea' id='block_1_3' title="bbox 152 3451 1044 3537">
    <p class='ocr_par' dir='ltr' id='par_1_6' title="bbox 152 3451 1044 3537">
     <span class='ocr_line' id='line_1_33' title="bbox 152 3451 1044 3537; baseline -0.004 -23"><span class='ocrx_word' id='word_1_221' title='bbox 152 3455 201 3516; x_wconf 84' lang='lat' dir='ltr'><strong>Ad</strong></span> <span class='ocrx_word' id='word_1_222' title='bbox 227 3458 398 3520; x_wconf 89' lang='lat' dir='ltr'><strong>secundam</strong></span> <span class='ocrx_word' id='word_1_223' title='bbox 427 3456 634 3537; x_wconf 73' lang='lat' dir='ltr'><strong>questionem</strong></span> <span class='ocrx_word' id='word_1_224' title='bbox 661 3453 872 3535; x_wconf 88' lang='lat' dir='ltr'><strong>respondetur</strong></span> <span class='ocrx_word' id='word_1_225' title='bbox 903 3451 1044 3513; x_wconf 86' lang='lat' dir='ltr'><strong>validum</strong></span> 
     </span>
    </p>
   </div>
   <div class='ocr_carea' id='block_1_4' title="bbox 116 3542 1042 3695">
    <p class='ocr_par' dir='ltr' id='par_1_7' title="bbox 116 3542 1042 3695">
     <span class='ocr_line' id='line_1_34' title="bbox 116 3542 1042 3631; baseline 0.001 -29"><span class='ocrx_word' id='word_1_226' title='bbox 116 3542 179 3608; x_wconf 87' lang='lat' dir='ltr'><strong>tore</strong></span> <span class='ocrx_word' id='word_1_227' title='bbox 197 3553 440 3630; x_wconf 87' lang='lat' dir='ltr'><strong>matrimonium,</strong></span> <span class='ocrx_word' id='word_1_228' title='bbox 466 3552 516 3615; x_wconf 88' lang='lat' dir='ltr'><strong>eui</strong></span> <span class='ocrx_word' id='word_1_229' title='bbox 538 3552 697 3631; x_wconf 84' lang='lat' dir='ltr'><strong>parochus</strong></span> <span class='ocrx_word' id='word_1_230' title='bbox 720 3549 902 3612; x_wconf 83' lang='lat' dir='ltr'><strong>alterutrius</strong></span> <span class='ocrx_word' id='word_1_231' title='bbox 923 3544 1042 3625; x_wconf 89' lang='lat' dir='ltr'><strong>sponsi,</strong></span> 
     </span>
     <span class='ocr_line' id='line_1_35' title="bbox 892 3642 938 3695; baseline -0.043 0"><span class='ocrx_word' id='word_1_232' title='bbox 892 3642 938 3695; x_wconf 66' lang='lat' dir='ltr'><strong>ts*</strong></span> 
     </span>
    </p>
   </div>
   <div class='ocr_carea' id='block_1_5' title="bbox 0 0 1245 4125">
    <p class='ocr_par' dir='ltr' id='par_1_8' title="bbox 0 0 1245 4125">
     <span class='ocr_line' id='line_1_36' title="bbox 0 0 1245 4125; baseline 0 0"><span class='ocrx_word' id='word_1_233' title='bbox 0 0 1245 4125; x_wconf 95' lang='lat' dir='ltr'><strong> </strong></span> 
     </span>
    </p>
   </div>
  </div>
 </body>
</html>
