2442 4125
223 314 227 319 ’
330 322 369 365 ne
390 321 520 368 opsecro
539 323 623 369 roris
645 324 801 371 cruorum.
981 317 1038 375 ll'l

93 466 210 546 quitur
222 464 441 528 ecclesiasticae
460 466 633 546 disciplinae
652 468 876 534 moderandus.
897 475 1039 539 Ecclesia

92 564 236 622 alterum
250 558 351 622 credit
363 563 515 640 tanquam
529 560 729 639 invisibilem,
745 563 882 629 alterum
894 569 1040 631 velnt'vi-

93 658 226 720 sihilem
239 657 430 718 determinat
443 660 477 719 et
494 658 663 737 gubernat.
685 662 784 722 Porro
802 662 917 740 triplex
935 683 1039 729 sacra·

93 758 244 815 mentum
257 755 305 813 est
324 753 410 832 quod
430 754 654 815 characterem·
668 756 824 835 exprimat
840 778 846 819 :
863 758 1036 841 Baptisma,

94 848 312 925 confirmatio,
335 849 413 910 ordo
436 870 444 911 ε
467 868 544 929 ergo
566 850 779 913 ecclesiastica
798 854 964 935 disciplina
984 857 1040 918 de-
1067 856 1070 863 '

94 944 289 1007 terminatus
311 949 360 1004 est
381 948 481 1008 status
501 964 558 1007 seu
578 948 762 1026 complexus
778 949 897 1030 jurium
919 957 951 1013 et
972 953 1040 1013 offl-

96 1039 225 1099 ciornm
247 1056 318 1117 quae
341 1039 391 1100 vel
413 1040 553 1119 generali
582 1041 814 1120 baptizatorum
844 1045 1037 1123 conditioni,

95 1132 152 1193 vel
167 1130 295 1209 speciali
309 1133 583 1210 confirmatorum,
598 1136 649 1197 val
665 1136 897 1213 specialissimus
913 1139 1041 1201 ordina·

97 1234 208 1288 torum
222 1228 404 1306 respondet.

142 1326 262 1386 Verum
289 1342 388 1403 quum
414 1324 591 1407 character
606 1327 852 1391 confirmationis
885 1330 1041 1393 habeatur

98 1420 191 1481 velut
204 1418 357 1497 perfectio
375 1420 568 1481 characteris
588 1420 748 1501 baptismi,
772 1442 835 1487 non
858 1424 971 1505 triplex
993 1443 1041 1486 re-

99 1520 252 1577 censetur
263 1516 422 1595 generalis
440 1516 683 1579 christianorum
703 1522 814 1595 status,
836 1521 892 1580 sed
911 1520 1038 1599 duplex,

98 1616 194 1690 alter,
210 1614 400 1694 simplicium
418 1616 673 1694 christianorum,
695 1617 749 1697 qni
768 1617 943 1679 characteri
963 1617 1042 1697 bap-

97 1709 237 1770 tismatis
249 1714 282 1770 et
295 1710 552 1787 confirmationis,
568 1711 662 1789 alter,
678 1710 877 1787 clericorum,
895 1711 949 1791 qui
964 1710 1041 1771 cha-

98 1803 219 1866 racteri
233 1804 351 1866 ordinis
364 1806 544 1884 respondet

141 1902 292 1962 Jamvero
306 1919 404 1980 quum
417 1902 468 1963 hic
485 1906 633 1963 externus
652 1906 752 1965 statne
770 1904 893 1966 interno
911 1903 958 1964 illi
975 1922 1042 1964 res-

99 1998 244 2080 pondeat
257 2018 295 2061 ex
309 1999 414 2061 indole
429 2017 498 2077 sus,
514 2005 686 2078 perpetuus
701 2008 857 2074 censetur,
874 2002 930 2064 sed
941 2020 1041 2083 quum

102 2116 143 2156 ex
158 2095 221 2155 alia
240 2098 331 2174 parte
352 2112 415 2156 non
436 2095 518 2157 sicut
537 2095 589 2156 ille
607 2095 680 2175 jure
702 2097 807 2158 divino
830 2097 972 2158 absolute
993 2115 1042 2157 re-

101 2196 209 2270 gatur,
225 2190 280 2252 sed
292 2190 364 2269 jore
378 2191 571 2270 disciplinari
584 2193 778 2268 moderetur,
795 2191 928 2272 alicujus
942 2191 1041 2254 modi-

100 2286 260 2348 ficationis
272 2304 330 2365 per
349 2287 498 2348 accidens
518 2288 587 2348 fleri
608 2291 713 2368 potest
732 2287 890 2369 particeps
910 2306 972 2369 quo
991 2289 1041 2350 vel

101 2383 265 2444 minuatur
277 2382 328 2444 vel
345 2383 474 2445 tollatur
495 2384 649 2445 nhsolute.
673 2386 748 2446 llaec
766 2385 899 2447 mutatio
921 2389 1037 2446 autem.

145 2482 177 2540 1⁰
198 2480 236 2540 ln
258 2497 385 2558 poenam
407 2482 513 2558 potest
535 2481 718 2560 contingere
742 2482 848 2561 quoad
874 2487 1041 2560 utrumqne

102 2580 233 2653 statum,

143 2676 176 2732 2⁰
187 2673 235 2732 Ex
247 2671 409 2734 voluntate
423 2671 530 2732 clerici
543 2672 714 2752 aliquando
730 2672 836 2753 quoad
849 2674 966 2734 statum
977 2671 1042 2731 ole-

102 2767 246 2828 ricalem.

144 2865 255 2925 XVIII.
273 2867 305 2924 1ο
318 2863 364 2924 Ile
375 2863 639 2925 mutatione-emtas
649 2863 816 2944 inponam.
827 2859 1041 2939 —Ohjectnm

103 2959 285 3038 systematis
299 2977 466 3038 poeuarum
479 2956 690 3039 spiritualium
708 2957 868 3033 Ecclesiae,
890 2959 924 3018 ut
943 2955 1039 3033 scitis,

102 3063 179 3120 sunt
192 3058 388 3138 potissimum
399 3058 473 3138 jura
487 3058 666 3120 christianae
682 3055 910 3118 communionis
924 3055 973 3116 vel
987 3074 1043 3134 ge-

103 3153 222 3214 neralis
235 3153 285 3214 vel
299 3153 456 3232 speculis,
473 3171 529 3214 seo
540 3153 616 3234 juro
630 3157 729 3214 status
744 3150 905 3214 christiani
920 3152 971 3213 vel
981 3154 1042 3212 cle-

103 3245 162 3307 rici
185 3265 196 3306 ε
219 3264 296 3328 ergo
319 3247 352 3307 in
376 3265 504 3327 poenam
528 3248 798 3329 quemadmodum
819 3251 952 3328 possunt
973 3249 1042 3310 haec

99 3343 177 3423 jura
185 3342 236 3403 uel
246 3343 396 3422 suspendi
408 3344 513 3424 quoad
524 3344 719 3422 exercitium,
730 3343 779 3406 vel
790 3344 868 3422 tolli,
877 3344 928 3406 vel
937 3343 1043 3406 omniu

103 3438 256 3516 suspendi
271 3440 382 3502 attolli
397 3441 448 3501 vel
462 3441 494 3502 in
509 3443 645 3519 partem,
665 3444 809 3519 tempore
823 3440 873 3501 vel
893 3437 1043 3501 determi-

104 3536 180 3595 nato
201 3534 250 3595 vel
274 3535 516 3599 indeterminato
538 3537 589 3598 vel
613 3535 709 3614 etiam
731 3543 896 3616 perpetuo,
920 3533 966 3595 ita
989 3550 1043 3592 ex-

924 3631 954 3683 7*
