2442 4125
352 348 391 393 nn
412 344 541 395 omnem
562 348 646 395 roam
667 346 823 395 csaoarea
1012 334 1049 393 dl

116 488 337 569 baptisterium
351 490 515 566 collocato,
532 494 563 552 et
577 490 746 569 aliquando
761 488 837 568 ipsis
855 488 888 549 in
906 488 1053 550 domibus

116 584 319 646 sacerdotum
334 586 384 645 vel
399 584 431 646 in
446 586 582 663 capsulis
599 586 712 666 ligneis
730 604 827 664 penes
846 584 957 645 domos
974 582 1053 645 fide·

114 682 205 756 lium,
229 682 393 745 consuevit
410 682 554 762 religiose
574 683 728 745 asservari
747 681 806 743 sub
825 679 930 760 specie
948 681 1051 760 panis,

114 777 183 839 sive
198 776 239 837 ad
255 795 347 837 nsum
361 777 530 855 spiritualis
543 777 717 855 alimonia,
734 778 800 839 sivo
818 776 860 838 ad
878 776 1052 838 veneratio-

114 890 200 933 nem.

158 967 221 1031 Sed
241 967 371 1029 liberior
390 970 500 1031 isthaec
521 969 687 1048 disciplina
706 968 863 1031 retinendi
884 964 1052 1027 Eucharis-

115 1064 193 1127 tiam
216 1062 360 1125 domibus
382 1065 478 1126 etiam
497 1066 638 1127 ildelium
656 1065 793 1127 coercita
810 1066 858 1125 ost
876 1080 973 1142 quum
985 1079 1052 1123 am·

115 1160 198 1237 plius
222 1176 285 1219 non
310 1160 517 1223 subsisterent
542 1160 696 1241 speciales
722 1161 784 1221 illae
809 1156 1051 1245 circumstantie

115 1272 187 1335 quac
202 1254 288 1315 illam
303 1256 343 1317 ob
361 1257 556 1336 spiritualem
578 1255 685 1336 populi
704 1253 866 1317 christiani
885 1252 1050 1313 necessita·

114 1354 182 1412 tem
202 1349 402 1414 induxerunt.
421 1355 486 1414 lmo
505 1370 562 1414 nec
580 1352 615 1412 in
633 1350 779 1413 omnibus
797 1348 936 1411 ecclesiis
956 1346 1051 1409 hodio

113 1445 190 1507 licet
208 1463 278 1507 eam
297 1446 444 1524 retinere,
460 1447 516 1508 sed
533 1446 635 1509 solnm
648 1447 682 1507 in
697 1444 940 1526 parochialibus,
955 1458 1051 1520 regu·

113 1539 234 1601 laribus
256 1543 288 1601 et
307 1541 559 1621 cathedralibus;
583 1547 705 1605 caetera
726 1541 869 1622 indigent
885 1537 1050 1618 privilegio

114 1635 298 1716 apostolico.
326 1640 471 1716 Domum,
495 1658 593 1719 quum
620 1640 769 1702 Ecclesia
797 1637 876 1699 tides
902 1635 944 1697 sit
965 1634 1050 1714 quod

114 1733 391 1812 praesentassetis
406 1735 557 1814 perduret
571 1736 676 1816 quoad
690 1735 811 1815 species
830 1750 893 1795 non
911 1748 1051 1793 corrum-

113 1831 243 1910 pantur,
260 1848 299 1891 ne
313 1829 526 1893 irreverentia
546 1836 723 1911 exponatur
740 1834 983 1904 sacramentum,
999 1827 1050 1889 vol

112 1924 280 1987 fraudetur
293 1926 393 2004 pietas
407 1926 548 1989 fidelium
561 1927 645 1989 bono
659 1926 825 2006 spirituali,
836 1928 988 1989 statutum
1002 1928 1051 1985 cst

114 2025 148 2085 ut
162 2020 293 2102 singulis
309 2021 547 2102 quatuordecim
561 2021 673 2086 diebus
687 2021 884 2084 Eucharistia
896 2019 929 2081 in
944 2036 1049 2081 sacra-

113 2120 161 2180 n'o
185 2117 235 2180 vel
259 2118 376 2181 ciborio
400 2117 592 2182 asservanda
617 2120 833 2179 renovaretur.
860 2118 941 2176 Nota
963 2114 1048 2193 quod

113 2231 190 2275 usus
205 2214 441 2295 antiquissimus
456 2213 603 2277 servandi
613 2211 843 2276 Eucharistiam
852 2209 1049 2292 potissimum

113 2313 184 2372 erat
198 2309 336 2371 directus
351 2328 408 2390 pro
424 2311 644 2373 communione
657 2310 865 2372 intirmorum.

152 2406 185 2465 2⁰
201 2404 320 2466 Praeter
333 2406 580 2467 asservationem
593 2409 756 2484 receptum
774 2408 822 2466 est
836 2403 870 2464 in
884 2400 1047 2464 ecclesias

111 2499 209 2562 ticam
223 2497 421 2577 disciplinam
436 2503 471 2562 ut
484 2501 682 2563 Eucharistia
695 2501 819 2582 publice
839 2500 872 2561 in
890 2496 1048 2578 supplica·

110 2594 252 2657 tionibus
266 2594 535 2676 circumgestetur,
550 2598 667 2676 populo
681 2596 845 2659 adoranda
858 2599 1045 2674 exponatur,

111 2710 187 2752 cum
206 2691 262 2753 illa
281 2694 397 2773 populo
415 2693 632 2758 benedicatur.
649 2691 957 2774 circumgestationis
972 2707 1047 2750 usus

111 2787 349 2868 antiquissimus
370 2793 418 2853 est
440 2812 447 2854 :
471 2792 510 2853 de
528 2792 581 2853 illo
602 2799 807 2854 monumenta
821 2787 974 2850 babemus
988 2801 1045 2864 pro

112 2884 279 2965 disciplina
293 2887 440 2950 Ecclesiae
455 2889 618 2970 gallicane
631 2895 662 2952 et
676 2889 845 2968 hispanica
856 2881 1046 2964 jamdudum

111 3000 219 3044 assec.
237 2999 269 3046 v1
288 2984 347 3046 vel.
365 3003 423 3049 vn.

152 3079 216 3141 Sed
240 3098 338 3159 quum
362 3101 433 3146 saec.
459 3085 723 3165 x1berengarius
750 3085 782 3143 et
804 3078 886 3142 illius
908 3077 1046 3138 lautores

111 3178 359 3242 contradixerint
371 3180 724 3259 transsubstantiatum,
741 3197 816 3242 cura
826 3175 973 3238 Ecclesiae
987 3172 1046 3235 tuit

111 3276 146 3334 ut
168 3274 311 3336 fidelium
331 3279 433 3342 cultus
455 3279 555 3359 magis
575 3280 740 3360 magisque
761 3296 838 3358 erga
858 3277 919 3336 hcc
939 3288 1046 3334 sacra-

111 3377 255 3438 mentum
269 3375 468 3442 excitaretur.
484 3381 550 3440 Hac
565 3379 604 3440 de
620 3397 715 3440 causa
732 3379 878 3443 Urbanus
896 3375 937 3460 lV
955 3370 1044 3432 iusti-

111 3470 221 3532 tuebat
234 3472 465 3539 solemnitatem
475 3480 616 3557 corporis
626 3479 752 3555 Christi,
763 3483 795 3538 et
808 3476 881 3538 inde
895 3489 970 3534 usus
984 3468 1045 3529 cir—

112 3571 330 3649 cumgestandi
344 3574 469 3652 publice
479 3580 712 3639 sacramentnm
721 3568 915 3654 frequentior
930 3589 938 3632 :
953 3566 1044 3644 lollu

217 3703 283 3747 ron.
302 3703 335 3750 11.
623 3710 626 3715 ·
918 3685 935 3741 ⁴
