2442 4125
324 349 362 394 nn
383 349 511 396 obsecro
531 349 615 396 sums
637 349 792 398 cononici.
966 342 1022 403 les

130 495 194 558 Sed
208 493 308 573 posito
323 494 406 555 facto
420 493 567 556 Ecclesiae
580 494 758 556 inducentis
767 501 843 559 vota
855 499 1021 577 solemnia,

70 595 263 654 nascuntur
276 591 424 670 quaedam
438 591 598 669 graviores
607 591 814 671 obligationes
832 599 864 656 et
883 595 1024 658 firmiora

70 688 215 750 vincula
234 705 291 764 pro
306 687 490 749 solemniter
503 688 699 764 voventibus,
717 707 788 768 quae
804 689 1025 753 desiderantur

70 785 116 845 in
144 783 227 844 votis
248 783 461 862 simplicibus;
486 784 632 864 quaedam
653 785 824 846 intrinseca
847 785 1025 848 differentia

73 880 173 940 inter
187 882 331 940 votorum
346 879 562 959 obligationes,
579 883 611 942 et
626 880 774 961 quaedam
788 879 964 942 differentia
978 881 1024 942 iu-

71 980 137 1036 ter
147 973 228 1053 juris
244 975 372 1035 effectus
385 976 417 1035 in
428 975 537 1036 ordine
548 975 589 1036 ad
601 980 764 1051 voventes,
776 993 847 1056 qnae
858 980 931 1038 ante
943 977 1024 1037 banc

75 1068 238 1130 Ecclesiae
253 1070 507 1132 constitutionem
521 1089 584 1131 non
599 1071 742 1133 aderant.

127 1167 206 1226 Haec
221 1169 326 1227 eutem
339 1167 473 1228 validior
486 1168 649 1246 obligatio,
661 1168 851 1229 hoclirmins
865 1167 1026 1232 vinculum

77 1262 117 1320 in
136 1260 219 1321 votis
233 1259 425 1322 solemnibus
437 1280 474 1322 ex
485 1261 602 1342 duplici
618 1262 792 1341 praesertim
806 1264 907 1342 capite
921 1270 1026 1326 ortum

79 1361 169 1437 puto
188 1376 194 1418 :

129 1459 163 1515 1⁰
175 1454 254 1526 Ouia
266 1455 298 1514 in
314 1455 394 1515 votis
407 1453 599 1515 solemnibus
615 1454 771 1535 judicium
786 1457 957 1521 intervenit
969 1461 1027 1521 lic·

80 1549 207 1623 clesiae,
222 1548 306 1628 quod
316 1548 442 1608 illorum
456 1546 615 1627 objectum
629 1550 800 1611 constituat
811 1549 915 1610 tonum
926 1550 1028 1612 melius

79 1642 226 1724 possibile
240 1661 297 1721 pro
311 1643 493 1717 individuo;
512 1661 573 1704 non
587 1644 633 1706 sio
647 1650 754 1708 autem
766 1646 798 1704 in
813 1646 894 1706 votis
908 1645 1028 1726 simpli-

83 1741 194 1817 cibus,
210 1739 265 1801 ubi
278 1739 404 1800 illorum
419 1740 578 1821 objectum
593 1746 641 1804 est
654 1742 782 1821 quidem
796 1741 899 1803 melius
913 1746 945 1804 et
961 1762 1029 1823 pos·

83 1836 174 1898 sibile
188 1837 220 1898 in
235 1837 409 1911 abstract03
422 1838 477 1898 sed
488 1825 590 1899 solnm
601 1837 721 1919 judicio
730 1839 886 1900 individui
900 1841 1026 1918 privati,

84 1932 143 1993 vel
159 1932 354 1992 secundariae
368 1931 500 2013 alicujus
515 1934 709 1995 auctoritatis
724 1934 865 1997 creditur
882 1934 984 1996 melios
998 1942 1030 1996 et

84 2027 227 2109 possibile
241 2029 334 2090 etiam
344 2047 400 2109 pro
411 2029 583 2092 individuo.
596 2029 673 2091 lude
684 2030 836 2109 perfectio
847 2032 974 2093 moralis
984 2032 1029 2093 in-

86 2127 214 2190 dividui
224 2131 326 2206 potest
336 2128 464 2208 quidem
474 2131 542 2189 esse
551 2128 1029 2206 rationemdispensationisvoti

87 2224 253 2303 simplicis,
278 2243 339 2286 non
361 2226 405 2286 sio
425 2230 533 2288 autem
552 2226 585 2286 in
605 2229 679 2287 voto
698 2226 843 2304 solemni,
865 2245 1029 2309 quousque

87 2321 292 2383 individuum
306 2321 365 2383 sub
379 2322 489 2403 regula
502 2322 557 2384 illa
571 2340 667 2402 quam
681 2322 840 2402 professus
856 2330 914 2401 est,
930 2327 1031 2387 conti-

90 2420 198 2479 netur.

135 2513 227 2576 Unde
242 2514 321 2575 solvi
334 2514 437 2575 solent
450 2516 524 2575 vota
538 2513 700 2593 solemnia,
716 2516 767 2576 vel
782 2534 853 2576 oum
869 2518 1030 2596 elangues-

88 2602 135 2673 cit
145 2610 255 2690 regula
265 2615 296 2671 et
305 2610 512 2673 immutantur
521 2629 630 2673 omnes
642 2613 883 2674 circumstantiae
895 2631 1031 2692 quarum

94 2708 239 2783 respectu
250 2704 430 2784 judicatum
444 2707 492 2765 est
505 2704 546 2765 ab
560 2705 700 2765 Ecclesia
718 2704 797 2765 illud
816 2707 863 2765 est
881 2704 982 2763 melios
1000 2711 1031 2767 et

93 2798 229 2879 possibile
249 2818 307 2879 pro
331 2800 512 2873 individuo;
536 2803 570 2860 ut
592 2799 708 2861 accidit
727 2800 760 2859 in
787 2798 1028 2876 suppressione,

94 2896 146 2956 vel
160 2895 354 2975 dispersione
368 2896 419 2958 vel
432 2895 657 2975 languescente
671 2896 782 2975 regula
798 2894 1028 2973 religiosorum,

96 2994 149 3051 eut
179 2992 305 3069 quando
334 2992 461 3072 aliquod
489 2993 608 3052 bonum
637 2995 821 3052 extraneum
846 2987 1033 3069 perfectioni

95 3086 207 3148 morali
234 3088 387 3149 individui
416 3091 509 3167 urget
536 3092 645 3148 votum
669 3086 767 3160 solvi,
797 3089 891 3165 prout
919 3085 1032 3147 accidit

97 3201 169 3244 cum
187 3183 221 3244 id
242 3185 379 3263 postulet
399 3184 448 3245 vel
467 3184 586 3244 bonum
605 3182 744 3261 physicae
765 3182 966 3259 valetudinis,
981 3182 1032 3244 vel

96 3280 215 3341 bonum
230 3280 367 3356 familiae,
385 3280 434 3340 vel
449 3280 550 3359 regni,
567 3279 617 3340 vel
631 3278 790 3340 Ecclesiae.

136 3374 227 3437 Unde
249 3392 320 3436 cum
341 3381 450 3436 votum
469 3373 608 3435 solemne
635 3392 673 3433 ex
695 3372 843 3435 Ecclesia
860 3373 980 3454 judicio
1002 3378 1034 3435 et

100 3470 295 3546 auctoritate,
321 3472 404 3531 certe
428 3470 467 3531 sit
487 3472 592 3530 ratum
612 3469 698 3548 apud
721 3471 832 3546 Deum,
856 3474 887 3532 et
906 3469 1032 3549 publico

99 3561 245 3624 Ecclesiae
265 3560 385 3643 judicio
413 3566 659 3641 recognoscetur
682 3568 716 3624 nt
741 3564 816 3641 tale,
846 3562 1034 3625 determinat
