2442 4125
200 333 258 399 292
412 342 642 393 rnsrmnrronus
662 339 746 388 rums
767 339 923 386 ennonrer.

240 496 273 556 3⁰
289 490 385 553 Certis
399 487 560 550 redditibus
581 491 637 549 aut
655 505 694 548 ex
713 484 818 546 fundis
837 481 1004 546 stabilibus
1024 485 1085 544 aut
1106 501 1143 544 ex

203 587 361 652 consuetis
374 584 584 663 eleemosynis
607 601 678 663 quae
697 580 855 642 suffleiaut
873 583 908 639 ut
927 578 1044 640 saltem
1065 577 1146 638 duo-

202 685 307 746 deeim
333 681 494 762 regulares
515 680 549 740 iu
570 679 609 740 iis
636 677 743 740 vivere
764 681 797 736 et
824 673 865 736 ali
889 678 921 735 et
948 673 1144 735 oommorari

202 779 335 859 possint.

243 878 318 936 Haee
332 872 438 936 omnia
451 873 522 953 plus
535 871 641 932 miuus
656 871 824 932 servantur
843 868 875 927 in
894 865 1059 928 erectione
1082 883 1145 926 mo·

204 971 422 1034 nnsteriorum-
442 968 636 1044 monialium,
663 983 735 1028 eum
763 964 870 1026 addito
895 963 980 1044 qnod
1006 961 1148 1024 debeant

204 1067 306 1129 extrui
324 1067 356 1126 in
371 1065 502 1126 urbibus
524 1064 575 1126 vel
594 1062 717 1142 oppidis
739 1058 1007 1139 frequentioribus
1026 1077 1071 1127 ne
1092 1076 1148 1137 pa·

205 1166 292 1224 teant
304 1161 461 1223 malorum
475 1158 640 1220 hominum
653 1155 897 1218 incursionibus.

506 1291 555 1335 111.
568 1291 612 1334 Lox
624 1301 667 1345 qus
678 1289 838 1332 custodiuntur.

245 1392 297 1453 1v.
314 1389 468 1450 Clausum
482 1391 530 1450 est
544 1406 607 1468 qua
625 1385 811 1466 prohibetur
832 1386 959 1446 omnino
981 1384 1147 1466 ingressus
1219 1383 1220 1392 ’

206 1484 618 1548 mulieruminmonasterin
627 1484 779 1559 virorum,
789 1484 821 1543 et
829 1483 992 1562 ingressus
1003 1483 1146 1544 virorum
1219 1481 1220 1542 t

207 1589 239 1644 et
252 1583 454 1644 foeminarum
475 1579 615 1660 cujusvis
636 1578 762 1658 generis
776 1579 807 1638 et
828 1577 927 1639 aetatis
946 1578 979 1637 in
1001 1577 1059 1638 illa
1083 1597 1146 1639 mo·
1219 1635 1220 1680 ἦ

207 1677 347 1751 nialium,
359 1676 546 1753 illarumque
561 1689 725 1752 egressum
739 1691 756 1732 e
771 1671 834 1732 suis
849 1673 1064 1734 monasteriis·

246 1773 321 1832 Haee
335 1771 487 1831 elausurae
502 1769 553 1830 lex
562 1769 641 1854 iniis
656 1769 853 1830 monasteriis
862 1767 916 1828 nbi
927 1769 1027 1848 viget,
1039 1769 1145 1830 locum

205 1869 309 1948 ipsum
329 1865 525 1926 materialem
543 1865 641 1926 afficit
660 1866 705 1927 ita
718 1867 754 1926 ut
774 1865 840 1944 ipse
860 1865 947 1925 loeus
967 1865 1143 1943 parietibus

208 1964 346 2025 inclusus
364 1963 493 2023 vocetur
516 1960 674 2024 clausura.
699 1960 757 2021 Hie
779 1961 866 2022 loeus
889 1959 922 2020 iu
944 1962 1144 2023 monasteriis

208 2062 348 2122 virorum
362 2057 602 2137 comprehendit
616 2058 710 2119 etiam
724 2057 861 2136 primum
875 2052 1050 2119 claustrum
1063 2058 1145 2139 quod

208 2157 296 2218 duoit
309 2157 349 2217 ad
363 2156 493 2217 interius
508 2154 723 2215 habitaculum
737 2153 967 2214 monachorum
981 2172 1040 2215 seu
1055 2174 1145 2235 regu·

208 2252 333 2324 larium,
349 2251 520 2312 dummodo
535 2248 620 2310 alind
634 2266 697 2309 non
712 2248 752 2311 sit
765 2250 950 2311 mulieribus
964 2250 1101 2328 invium,
1116 2255 1145 2311 et

210 2346 305 2406 etiam
318 2346 493 2405 sacrarium
511 2344 726 2421 eeclesiarum,
749 2344 775 2405 si
795 2344 835 2405 ad
855 2344 932 2405 illud
953 2350 1065 2424 pateat
1082 2346 1144 2408 adi·

209 2443 260 2500 tus
274 2456 331 2516 per
344 2438 446 2499 solum
460 2441 631 2501 claustrum
645 2441 798 2501 elansnrae
814 2440 1004 2519 subjeetum.
1024 2443 1058 2503 Si
1071 2460 1143 2502 vero
1219 2520 1220 2523 Ἴ

210 2534 312 2596 solum
326 2552 382 2613 per
396 2535 562 2595 eeclesiam
576 2535 696 2614 patebit
710 2534 813 2596 aditus
828 2540 883 2597 aut
893 2553 951 2614 per
961 2540 1139 2615 utrumqne,

210 2631 386 2712 subjeetum
410 2648 472 2692 non
496 2634 544 2692 est
566 2632 720 2692 elausnrae
743 2630 806 2711 legi
829 2631 940 2693 saltem
969 2632 1144 2693 seeundum
1219 2668 1220 2703 3

211 2729 469 2791 consuetudinem
487 2728 658 2807 vigentem.
684 2728 719 2787 In
740 2728 939 2789 monasteriis
958 2728 1143 2790 monialium
1219 2708 1220 2737 ³

211 2826 357 2887 oleusura
371 2827 419 2886 est
432 2824 533 2884 omnis
547 2821 599 2884 ille
614 2824 701 2894 loeus
715 2824 748 2883 in
763 2842 858 2904 quem
872 2826 1065 2886 monialibus
1074 2825 1144 2887 lieet

211 2921 335 3004 ingredi
348 2939 397 2982 ex.
413 2938 461 3001 gr.
478 2920 623 2998 officina,
640 2920 760 2998 hortm,
778 2938 882 2983 arenae
898 2925 930 2983 et
942 2925 1032 2984 totus
1047 2920 1145 2983 ambi-
1219 2936 1220 2987 3

211 3022 262 3081 tus
277 3035 366 3079 muro
382 3017 513 3079 cinctus.

595 3146 700 3199 CAPUT
719 3148 761 3197 111.

237 3321 240 3326 .
295 3267 328 3309 DE
344 3264 429 3309 REBUS
446 3263 585 3307 omnmo
602 3265 639 3303 An
655 3262 831 3303 EXERCENDAH
849 3263 1020 3304 cunonem
1037 3260 1065 3303 ln

600 3340 751 3382 PROXIMUM.

254 3447 278 3505 l.
295 3445 435 3506 Tertium
448 3446 609 3509 eharitatis
624 3444 801 3507 christiane
817 3444 976 3525 objectum
987 3448 1035 3508 est
1044 3444 1142 3524 proxi·
1219 3492 1220 3507 2

215 3555 286 3595 mus
300 3540 415 3611 noster,
432 3558 526 3615 quem
540 3545 691 3621 tanquam
703 3540 853 3619 nosipsos
863 3558 970 3603 amare
981 3540 1141 3603 dehemus.
