2442 4125
293 417 332 462 ns
353 417 481 463 omnem
501 417 583 464 mars
606 417 762 464 canonrcr.
933 407 992 465 253

25 561 203 625 Ecclesia
216 561 333 642 publici
343 561 445 622 cultas
454 553 589 623 hono'res
599 564 754 636 concessi3
765 581 876 641 parurn
887 568 994 626 autern

31 663 191 719 curator
213 657 298 735 quod
321 675 436 720 nomen
462 659 657 736 exploratum
680 657 735 733 ait,
760 659 930 720 dommodo
955 661 995 722 de

32 771 198 832 persona
227 757 368 827 constet,
397 769 491 831 quam
519 757 670 831 tanquam
698 759 839 816 sanctam
866 755 996 817 coluerit

35 849 214 912 Ecclesia.
231 851 317 910 Tunc
329 849 475 910 dicuntur
488 849 627 927 reliquiae
636 849 798 927 baptizari,
815 868 871 910 seu
880 868 996 911 nornen

37 944 192 1022 aliquod
211 945 271 1005 illis
289 944 472 1023 imponitur;
493 945 553 1005 hoc
572 951 678 1005 tamen
697 945 919 1024 appellativum
940 964 996 1007 seu

40 1039 206 1120 pluribus
221 1058 389 1103 commune
413 1045 470 1118 est,
495 1040 579 1120 quod
593 1041 740 1120 exprimit
752 1043 947 1104 sanctitatem
967 1049 997 1105 et

41 1122 199 1217 granam
213 1142 247 1197 ut
262 1135 342 1198 absit
364 1137 577 1213 mendacium,
603 1137 648 1197 uc
671 1153 772 1214 grace
794 1138 995 1217 Theophilus,

44 1227 298 1292 Theodorus...
315 1230 410 1291 latine
425 1231 510 1304 Pius,
526 1229 624 1306 Felix,
639 1230 756 1292 Victor.

95 1330 134 1387 2⁰
148 1327 189 1388 Ut
204 1343 317 1403 corpus
331 1343 443 1388 revera
463 1325 503 1386 sit
524 1325 750 1405 authenticum,
776 1326 807 1388 id
831 1334 890 1405 est,
914 1327 998 1390 illius

50 1419 165 1480 sancti
180 1418 269 1497 eujus
284 1435 399 1478 nomen
413 1417 540 1497 profert.
557 1419 624 1479 Hoc
638 1425 672 1479 ut
690 1419 800 1481 sedulo
822 1429 997 1498 caveretur,

50 1514 202 1575 decrevit
216 1513 431 1575 Tridentinom
446 1513 547 1573 nullas
565 1531 662 1575 noves
681 1515 830 1592 reliquias
844 1515 998 1593 reeipien-

54 1613 119 1672 das
146 1610 207 1670 nisi
232 1613 474 1688 recognoscente
499 1615 529 1668 et
551 1609 746 1694 approbante
768 1610 928 1686 episcopo,
945 1609 998 1686 qui

55 1705 172 1768 audito
196 1705 359 1767 doctorum
378 1705 564 1784 piorumque
588 1703 718 1764 consilio
742 1703 773 1763 id
795 1702 892 1764 faciet
914 1703 999 1782 quod

57 1801 188 1863 veritati
204 1807 235 1862 et
248 1799 354 1879 pietati
373 1805 631 1860 cousentaneum.
656 1797 715 1860 Ubi
740 1797 905 1859 difficultas
928 1815 1001 1876 gra·

57 1899 132 1959 vior
156 1898 288 1974 apparet
308 1911 367 1954 nec
389 1893 479 1955 iacile
503 1894 692 1974 superanda,
717 1892 810 1954 debet
828 1897 999 1971 antequam
1039 1937 1043 1944 .

61 1992 275 2072 quaestionem
291 1990 427 2064 dirimat,
443 1993 607 2068 expectare
622 1988 851 2066 metropolitani
867 1995 898 2047 et
915 2005 1002 2048 com-

63 2086 307 2165 provincialium
334 2086 551 2165 episeoporum
588 2083 774 2144 sententiam
805 2082 837 2141 in
869 2082 1001 2143 concilio

63 2182 267 2261 provinciali;
290 2183 333 2242 ita
351 2188 457 2242 tamen
477 2187 511 2240 ut
533 2179 612 2243 nibil
625 2178 766 2238 Romano
782 2176 930 2238 Pontifice
953 2178 1002 2237 in-

66 2275 212 2335 consulto
227 2291 344 2335 novum
358 2279 413 2335 aut
431 2275 462 2333 in
484 2274 622 2336 Ecclesia
644 2274 797 2335 hactenus
820 2273 1002 2335 inusitatum

68 2372 268 2433 decernatur.

88 2468 264 2528 .Goeterum
293 2465 393 2527 cultus
422 2465 623 2545 reliquiarum
646 2467 687 2527 ab
715 2468 854 2529 Ecclesia
876 2467 1002 2530 condite

71 2563 261 2644 repetendus
289 2570 356 2637 est,
387 2563 540 2641 siquidem
570 2582 654 2642 saepe
682 2565 714 2626 S.
743 2565 883 2642 reliquiae
912 2567 1004 2625 erant

76 2676 168 2720 causa
182 2660 328 2720 Ecclesia
348 2659 541 2737 dedicandae,
568 2679 652 2740 saepe
674 2660 784 2721 altaria
807 2676 903 2738 super
916 2677 1004 2719 sanc·

76 2762 177 2816 torum
204 2758 335 2835 corpora
363 2756 584 2836 erigebantur,
615 2763 669 2818 aut
696 2757 733 2816 iis
760 2755 1005 2834 imponebantur

80 2852 212 2929 reliquie
227 2852 259 2911 iu
274 2853 366 2913 theca
380 2854 520 2929 incluse,
533 2870 649 2932 easque
659 2851 766 2913 fideles
776 2851 817 2911 ad
826 2869 873 2927 os,
886 2850 1003 2926 oculos,

79 2950 265 3024 caeterosque
281 2964 392 3009 sensus
407 2946 626 3025 admovebant,
644 2952 676 3009 et
689 2935 922 3009 osculabantur.
943 2946 1006 3007 Sed

83 3040 246 3117 prasertim
261 3041 475 3119 antiquissima
496 3047 527 3102 et
546 3042 647 3102 ubivis
668 3044 794 3118 recepta
812 3041 1006 3101 consuetudo

82 3135 137 3195 lert
151 3141 183 3195 ut
196 3140 375 3198 sanctorum
390 3137 529 3215 reliquiae
549 3136 580 3197 in
604 3138 838 3197 consecratione
862 3136 1008 3196 ecclesia-

84 3248 149 3291 rum
162 3236 190 3292 et
205 3232 348 3317 altarium
363 3233 581 3296 adhibeantur.

355 3418 367 3464 n
382 3411 429 3456 ΙΙΙ.
444 3424 472 3457 nn
487 3420 567 3456 sacam
581 3420 727 3455 ruaarnrsus.

124 3520 170 3581 Xl.
185 3521 283 3582 liliam
297 3520 451 3602 imagines
471 3519 594 3597 Christi,
620 3521 725 3580 Beatae
749 3519 854 3580 Mariae
871 3519 1010 3600 Virginis

93 3621 118 3676 ei
141 3618 322 3678 Sanctorum
350 3624 405 3679 aut
432 3616 591 3695 sculptiles
617 3623 673 3678 aut
694 3618 855 3694 impressae
883 3616 1009 3676 retineri

170 3728 231 3769 rorr.
254 3730 284 3767 11.
894 3714 925 3763 15
