2442 4125
330 295 369 338 nn
390 293 517 342 onrncro
537 295 620 342 annis
641 295 798 342 aaronica
973 287 1033 346 tte

79 457 183 501 sacra
210 453 302 512 vasa,
328 441 360 500 et
382 435 528 500 universa
549 455 639 502 sacra
666 439 809 518 supellex
833 439 1031 505 ammaum.

125 534 365 616 Pastoplzora'am
389 550 452 611 qno
466 533 714 613 designabantur
733 535 866 598 aedilicia
884 555 943 616 pro
964 555 1032 598 cns·

83 630 236 707 todibus‚
253 636 284 691 et
295 629 444 690 ministris
458 628 661 690 eeclesiarum
677 647 685 692 ε
702 631 745 692 ita
759 631 971 694 communius.

125 726 247 788 Schola
262 732 294 787 et
307 725 494 787 bibliotheca
508 743 565 805 pro
581 724 692 787 studiis
706 725 901 788 clericorum.

127 823 197 884 Sed
214 822 323 883 isthac
341 819 453 894 torma,
469 837 539 900 qua
564 820 698 883 obtinuit
711 820 817 900 quoad
839 819 1029 885 celebriores

83 922 239 981 vetustas
254 916 401 979 ecclesias
415 916 667 988 christianornm,
688 916 782 978 bodie
794 916 828 976 in
851 915 1034 980 desuetudi-

83 1031 163 1074 nem
179 1011 321 1087 transiit,
332 1009 456 1071 dnobus
469 1027 544 1072 vero
554 1027 681 1089 semper
690 999 1034 1073 servatiainterioribus'

84 1109 302 1170 ecclesiarum
316 1106 467 1187 partibus,
484 1123 555 1184 qna
575 1107 768 1186 respondent
781 1107 874 1168 variis
896 1107 1029 1170 statibus

85 1221 303 1283 personarum
316 1203 348 1262 in
366 1202 517 1275 Ecclesia,
531 1202 620 1279 juxta
643 1201 843 1263 essentialem
857 1202 939 1264 illius
962 1205 1028 1264 ins·

83 1299 273 1360 titutionem
291 1315 298 1356 :
314 1296 459 1358 videlicet
482 1295 569 1356 navis
592 1298 624 1357 et
645 1297 870 1360 sanctuarinm.
897 1299 932 1358 ln
955 1301 1028 1360 nari

86 1393 222 1474 ponitur
246 1392 464 1470 utplurimum
486 1391 714 1469 baptisterium.
736 1391 953 1455 Sanctuarium
975 1412 1029 1455 an-

86 1496 152 1550 tem
167 1495 237 1550 tres
253 1491 357 1566 paries
370 1488 476 1564 habet,
492 1487 637 1548 videlicet
651 1487 893 1566 presbyterium,
918 1489 1027 1560 altera

88 1581 238 1641 eborum.
270 1580 452 1642 sanctuario
480 1581 603 1659 adjacet
630 1581 814 1655 diaconion,
840 1599 897 1642 sen
923 1599 1030 1643 mera-

86 1677 182 1736 rium.
203 1676 300 1737 Navis
315 1681 362 1737 est
385 1693 441 1754 pro
455 1676 559 1749 laicis;
582 1676 795 1739 sanctuarium
809 1693 867 1754 pro
891 1677 1027 1752 clericis,

89 1787 152 1848 quc
173 1771 211 1832 fit
235 1774 270 1833 nt
284 1771 452 1832 aediticium
466 1772 527 1833 hoc
541 1771 717 1846 matariale,
732 1770 872 1834 aediliciis
881 1772 1029 1852 spiritns*

87 1865 136 1944 lis,
154 1863 245 1946 quod
258 1872 305 1927 est
317 1867 455 1930 Ecclesia
469 1867 615 1930 distincta
628 1866 662 1927 in
676 1867 797 1929 clerum
810 1874 842 1930 et
860 1868 1023 1948 populum,

90 1959 206 2024 referat
222 1961 407 2042 imaginum.

353 2124 366 2173 a
381 2118 631 2165 11.nnaams1uuu
646 2128 777 2163 enarrans.

131 2234 167 2294 V.
184 2232 334 2297 Ecclesiae
349 2249 405 2292 sen
420 2231 495 2293 aedis
509 2247 606 2291 sacrae
629 2228 808 2291 christianae
824 2246 941 2292 nomen
964 2230 1027 2295 late

94 2336 258 2407 acceptum
273 2329 352 2389 duas
366 2326 489 2406 species
503 2324 708 2385 ecclesiarum
721 2340 778 2385 seu
792 2323 908 2386 tedium
924 2342 1027 2389 sacra·

93 2440 163 2483 rum
185 2424 342 2485 includit:
367 2422 436 2483 eliae
462 2427 536 2482 sunt
557 2436 627 2497 qua
649 2420 747 2481 sacris
769 2420 928 2483 ordinario
952 2441 1028 2503 ope-

96 2518 201 2580 randis
216 2525 289 2580 sunt
311 2518 487 2589 destinata,
503 2515 571 2577 aliae
596 2533 671 2577 vero
686 2533 757 2595 qne
780 2517 1028 2579 extraordinario

97 2614 189 2674 sacris
203 2613 392 2695 peragendis
407 2612 599 2673 deserviunt.
617 2611 712 2671 Primi
736 2612 862 2690 generis
877 2612 962 2672 ades
984 2612 1029 2671 di-

99 2715 210 2769 cuntur
224 2709 330 2770 stricto
345 2724 441 2768 sensu
456 2704 593 2766 ecclesia
620 2722 628 2763 :
655 2703 783 2764 alterins
797 2703 922 2782 generis
945 2703 1029 2763 aedes

99 2803 242 2866 strictiori
257 2808 510 2865 sensuvocantur
524 2800 739 2871 oratoria,sen
753 2798 893 2877 capellae.
905 2799 1028 2860 Utrum·

100 2912 157 2972 que
173 2918 274 2978 genus
288 2904 374 2979 patet
391 2895 588 2974 sequioribus
603 2892 865 2957 distinctionibus.
890 2892 1028 2953 seorsim

101 2988 137 3049 de
152 2997 297 3071 utroque.

137 3088 347 3149 Eccles'iarnm
356 3078 847 3164 divisioprofisciscituramajori
857 3079 906 3140 rel
916 3079 1031 3140 minori

103 3192 207 3237 aarum
231 3181 396 3258 dignitate,
412 3185 443 3239 et
467 3176 650 3255 exjuribus.
677 3174 751 3233 llaee
771 3170 871 3249 major
895 3170 1030 3250 dignitas

103 3277 132 3332 ct
145 3278 263 3356 majora
276 3278 347 3356 jura
362 3272 641 3355 apprehenduntur
655 3287 693 3330 ex
703 3267 855 3347 dignitate
868 3270 901 3329 at
906 3266 1031 3347 juribus

105 3385 209 3431 eorum
223 3376 276 3452 qni
291 3374 351 3435 illis
365 3371 543 3434 immediate
564 3366 792 3447 praecinctum
809 3363 894 3425 unde
916 3363 1032 3438 consti-

105 3464 192 3527 tuunt
214 3469 405 3549 categoriam
434 3467 527 3531 valde
554 3462 749 3526 consimilem
776 3478 847 3522 cum
876 3456 1033 3539 categoria

901 3553 947 3608 tt*
