2442 4125
329 336 368 379 on
388 334 518 381 cursuro
537 334 620 381 rums
643 334 798 381 cnrou1n1.
977 326 1032 384 ltl

94 481 156 541 sed
183 478 337 559 paulatim
368 477 563 539 reducebant
588 476 818 558 legislationem
846 478 970 541 civilem
992 481 1033 541 ad

94 575 254 656 principia
276 575 358 655 juris
384 573 547 649 canonici,
572 573 770 652 prohibendo
793 574 928 638 divortia
949 577 1034 640 bona

93 670 212 751 gratia,
227 668 278 729 vel
292 667 355 727 alia
367 673 472 728 causa.
490 668 658 744 Nunquam
680 665 915 728 adstrinxerunt
928 669 1033 729 Chris-

92 764 201 823 tianos
215 761 256 821 ad
271 779 325 822 eas
337 761 434 840 leges,
452 761 484 820 et
496 760 524 819 si
536 758 574 819 iis
590 758 846 821 obsecundarunt
858 759 1030 837 christiani,

93 856 239 919 Ecclesia
250 856 376 918 illorum
391 854 603 932 matrimonia,
615 858 686 933 post
699 854 846 932 divortia,
860 854 947 916 irrita
961 856 1033 917 reti-

94 954 179 1015 nuit.

139 1054 172 1110 2⁰
182 1050 287 1109 Potest
300 1046 473 1109 invalidare
488 1046 618 1107 valida?

140 1147 176 1205 R.
200 1143 355 1223 negative.
376 1144 450 1204 ldeo
469 1146 594 1222 poterat
612 1143 759 1220 princeps
778 1143 852 1222 quia
872 1144 955 1204 Deus
973 1144 1032 1205 sibi

93 1260 162 1303 non
176 1242 394 1302 reservaverat
408 1242 480 1301 ante
495 1238 644 1300 Ecclesiae
658 1237 885 1300 fundationem.
899 1241 975 1303 Erat
979 1240 1032 1321 jus

94 1338 357 1417 hypotheticum
380 1335 523 1397 ablutum
542 1339 600 1397 est.
618 1336 700 1415 Ergo
721 1335 806 1414 quod
824 1341 881 1412 est,
898 1354 961 1397 non
976 1355 1033 1416 po-

95 1435 160 1495 test
179 1432 284 1491 facere
306 1429 392 1509 quod
413 1446 477 1489 non
497 1430 547 1491 sit.
571 1430 636 1490 Nec
657 1432 759 1507 potest
779 1429 926 1510 prinecps
946 1432 1033 1511 leges

94 1528 203 1588 facere
218 1526 257 1586 de
271 1526 487 1587 sacramentis.
505 1525 596 1587 Ratio
611 1526 748 1587 debono
766 1524 920 1586 individui
937 1526 970 1585 in
985 1542 1033 1585 or-

94 1622 172 1683 dine
187 1621 228 1681 ad
241 1621 359 1682 bonum
374 1638 542 1681 commune
557 1638 621 1683 non
635 1624 737 1699 potest
751 1621 856 1681 afferri
874 1638 931 1699 pro
946 1619 1033 1699 prin-

95 1716 168 1794 cipe
183 1717 291 1776 contra
304 1714 488 1791 Ecclesiam,
504 1714 580 1793 quia
599 1714 744 1776 laedendo
766 1714 861 1775 tinem
881 1731 1034 1793 superna-

94 1811 243 1885 turalem,
260 1809 385 1871 laeditur
398 1809 546 1870 universa
560 1814 684 1870 natura.
741 1888 744 1895 .

139 1904 210 1984 (lbi.
244 1903 306 1967 Sed
330 1907 434 1982 potest
467 1902 595 1979 irritari,
629 1907 825 1965 contractum
856 1906 1032 1966 naturalem

95 1997 334 2081 praeveniendo.

138 2098 176 2157 R.
194 2095 274 2168 Quid
289 2100 337 2155 ost
354 2093 558 2157 contractus?
576 2093 817 2155 Sacramentum
838 2112 845 2154 :
868 2110 943 2174 ergo
962 2093 1033 2154 irri-

94 2193 194 2254 tando
210 2194 415 2267 contractum,
431 2190 570 2253 irritaret
582 2197 795 2251 sacramentum
809 2187 929 2250 directo.
945 2191 1032 2251 Insu-

94 2305 155 2366 per
168 2285 282 2346 falsnm
295 2289 344 2347 est
358 2285 567 2364 suppositum,
589 2283 664 2364 quia
678 2282 914 2345 matrimonium
928 2284 1033 2346 eleva-

95 2389 166 2446 tum
189 2381 231 2442 ad
254 2385 485 2443 sacramentum
506 2384 554 2443 est
574 2384 754 2442 contractus
775 2379 991 2460 independens
1014 2399 1033 2442 a

95 2478 210 2559 quavis
225 2477 307 2539 civili
322 2478 594 2540 determinatione.

135 2581 170 2639 3⁰
184 2577 232 2636 Nil
247 2580 352 2655 potest
364 2575 397 2636 in
412 2578 515 2637 causis
529 2568 752 2653 dissolutionis,
765 2576 862 2637 souin
874 2577 977 2638 causis
992 2576 1032 2638 de

95 2676 223 2737 vinculo
237 2677 290 2737 vel
303 2676 343 2737 de
358 2674 460 2736 officio
475 2675 645 2755 conjugali.
679 2686 683 2691 ·

136 2771 218 2833 xvl.
242 2769 321 2844 Quid
338 2779 432 2849 potest
451 2769 597 2851 positive?
618 2773 650 2831 1ο
670 2770 763 2832 Salvo
782 2767 982 2830 matrimonio
1001 2772 1033 2829 et

93 2869 307 2942 sacramento,
329 2869 434 2944 potest
456 2865 592 2946 dirigere
615 2863 850 2927 matrimonium
874 2862 914 2923 ad
936 2863 1031 2923 tinem

94 2960 238 3023 utilitatis
257 2977 322 3022 suae
341 2960 509 3039 societatis,
526 2960 761 3041 praescribendo
782 2958 976 3020 conditiones
990 2959 1031 3019 ad

93 3059 227 3118 effectus
250 3057 368 3133 civiles,
391 3077 447 3118 seu
471 3077 511 3119 ne
533 3057 735 3120 matiimonia
756 3056 833 3116 fiant
856 3055 922 3116 sine
946 3060 1033 3116 certa

94 3150 276 3213 conditione
304 3151 438 3213 civiliter
463 3151 667 3230 prescripta,
703 3151 734 3210 et
761 3149 921 3211 sanctione
949 3148 1033 3212 civili

94 3247 249 3327 (mulcta,
266 3247 382 3326 poenae)
398 3265 460 3308 non
476 3248 631 3310 irritante.

134 3343 200 3406 Sed
214 3342 329 3422 poterit
343 3344 414 3405 haec
432 3345 551 3406 sanctio
572 3341 671 3404 civilis
691 3359 754 3402 non
775 3341 902 3404 irritans
925 3342 1032 3423 conju-

92 3440 193 3518 ginm,
210 3438 333 3501 irritare
347 3439 432 3501 illios
446 3440 575 3502 effectus
593 3437 725 3499 civiles?
737 3438 793 3500 Rx.
810 3458 859 3520 gr.
876 3439 915 3500 de
930 3437 1032 3518 legiti-

94 3533 225 3598 mitate?
