2442 4125
306 281 345 324 nu
366 279 496 326 orrscro
515 281 599 326 rmrs
622 281 777 328 neronior.
949 273 1013 340 319„

70 430 104 490 in
112 421 417 488 summaeauctitatis
426 421 512 482 fama
520 440 629 484 omnes
637 424 842 490 decedebant.
850 427 969 489 Deinde
977 432 1008 491 et

70 523 180 588 caeteri
197 521 307 582 fideles
326 519 514 582 adamarunt
532 519 573 582 ad
592 521 750 582 Ecclesiae
763 523 899 602 sepshri.
917 525 1006 588 Ratio

70 621 132 684 fuit
154 617 296 697 duplex:
322 618 355 675 l⁰
375 616 407 676 in
428 616 554 696 signum
573 616 748 678 devotionis
763 637 839 700 erga
852 623 1008 700 martyres

70 722 105 779 et
117 714 316 778 confessores
331 712 456 788 Christi,
473 717 508 774 ut
525 730 624 792 prope
646 713 730 792 ipsos
749 715 956 794 sepelirentur
973 715 1008 777 il·

68 816 177 876 lorum
192 825 325 888 corpora
340 808 393 888 qui
408 826 481 868 cum
494 809 571 887 ipsis
585 809 703 872 habere
716 811 894 890 gestiebant
907 812 1008 874 socie-

69 914 172 972 tatem
185 906 218 966 in
231 903 333 984 gloria
348 906 380 966 et
392 904 622 966 resurrectione
634 904 791 984 justorum
807 926 815 968 :
831 907 937 986 itaque
948 907 1007 971 hoo

70 1009 207 1088 pignore
221 1008 253 1066 et
266 1021 361 1063 sensu
380 1002 555 1064 devotionis
571 1001 676 1083 magis
698 1004 861 1090 magisque
881 1005 1008 1066 illorum

71 1099 252 1182 patrocinia
265 1100 299 1160 et
310 1096 568 1158 intercessionem
576 1097 636 1158 sibi
646 1097 857 1176 captivarent3
869 1103 901 1160 2⁰
911 1099 1007 1160 etiam

70 1203 109 1261 ut
125 1195 237 1256 fideles
258 1194 312 1273 qui
333 1192 516 1272 frequenter
536 1193 577 1252 ad
596 1194 765 1254 memorias
785 1200 961 1276 martyrum
976 1200 1008 1258 et

70 1291 220 1371 sepulcra
233 1293 414 1348 sanctorum
437 1286 654 1364 recurrebant,
679 1287 770 1350 facile
793 1290 934 1370 ipsorum
957 1310 1007 1353 re-

70 1385 291 1459 cordarentur,
312 1382 500 1462 illorumque
521 1383 679 1464 suffragiis
707 1388 1008 1449 commendarentur

71 1481 185 1561 magis.
210 1481 382 1557 Propterea
394 1471 576 1540 coemeteria
589 1480 674 1559 apud
693 1482 847 1542 Ecclesiae
863 1485 1008 1544 excavari

72 1574 356 1657 coeperunt'1iude
379 1576 411 1635 et
431 1575 609 1653 sepulturas
633 1575 766 1654 reperiri
788 1576 820 1636 iu
844 1577 1007 1638 vestibulis

71 1672 265 1752 templorum
290 1689 297 1730 :
330 1670 459 1731 demum
482 1673 514 1732 et
534 1671 566 1732 in
588 1671 673 1750 ipsas
692 1671 848 1733 Ecclesiae
872 1672 1007 1734 conferri

71 1770 215 1832 fidelium
224 1766 391 1843 cadavera,
403 1765 535 1828 servatis
549 1773 655 1828 tamen
671 1768 859 1830 coemeteriis
873 1769 913 1830 ob
922 1786 1008 1832 oom-

71 1865 250 1928 muniorem
270 1866 302 1925 et
319 1862 463 1925 latiorem
482 1880 585 1940 usum,
609 1881 679 1943 qum
695 1864 781 1924 velut
795 1865 1008 1926 accessorium

72 1966 104 2024 et
118 1977 218 2021 unum
232 1957 308 2038 quid
323 1975 395 2019 cum
416 1956 557 2024 Ecclesia
575 1959 796 2035 censebantur,
819 1963 850 2020 et
867 1958 1007 2036 mysticis

72 2057 192 2134 usibus,
211 2058 242 2118 et
262 2053 535 2117 benedictionibus
548 2055 589 2117 ad
610 2055 695 2117 hunc
718 2053 901 2135 religiosum
914 2074 1007 2117 usum

71 2151 356 2231 inaugurabantur.

111 2247 260 2309 Ecclesiae
271 2248 382 2308 autem
395 2246 427 2306 in
447 2245 561 2326 quibus
582 2246 713 2309 daretur
733 2244 878 2308 fidelibus
901 2248 1008 2329 sepul-

72 2348 155 2419 tura,
172 2342 300 2403 fuerunt
320 2341 469 2404 Ecclesia
493 2342 702 2420 cathedrales,
720 2360 775 2403 seu
797 2344 1006 2422 parochiales,

72 2458 128 2500 seu
137 2437 287 2499 Ecclesia
301 2437 459 2515 matrices,
471 2438 620 2501 Ecclesia
634 2456 703 2519 qua
712 2438 872 2502 habebant
883 2441 1007 2521 plebem

73 2534 297 2611 christianam,
323 2536 355 2595 et
375 2535 474 2596 veluti
499 2540 644 2596 centrum
665 2537 756 2595 erant
778 2536 1007 2596 communionis

73 2628 293 2692 ecclesiastica
311 2632 377 2693 :Ut
403 2630 561 2707 videlicet,
591 2630 653 2689 illae
676 2628 824 2689 Ecclesia
853 2628 936 2690 unde
956 2647 1008 2691 ac·
1091 2646 1092 2649 ’

73 2733 225 2806 ceperant
251 2726 360 2789 fideles
387 2728 485 2791 vitam
512 2726 732 2801 christianam,
767 2723 820 2784 ubi
854 2742 924 2785 eam
953 2744 1007 2785 ex·
1114 2754 1119 2763 ·

73 2824 257 2901 coluerant,
288 2822 488 2902 perfruerant
520 2822 746 2898 sacramentis,
775 2819 1008 2899 praedicationi-

71 2920 150 2997 bus,
180 2924 258 2996 etc.,
294 2920 378 2980 unde
411 2920 590 2981 habuerant
622 2917 732 2980 ultima
764 2916 904 2979 subsidia
935 2916 1006 2977 vitm

71 3014 260 3095 spiritualis,
277 3016 393 3096 quibus
407 3016 582 3093 debebant,
598 3033 662 3077 uno
681 3014 777 3077 verbo
806 3012 959 3093 quidquid
975 3012 1007 3071 in

72 3111 198 3194 Christo
212 3111 427 3191 proiecissent,
444 3112 506 3174 sint
521 3130 541 3173 a
554 3111 668 3191 quibus
678 3109 910 3172 custodirentur
923 3110 1008 3187 ipso-

70 3226 144 3269 rum
157 3226 301 3287 corpora,
319 3225 454 3289 quarum
466 3208 574 3288 pietati
589 3206 890 3269 commendarentur
907 3206 1008 3287 magis

65 3300 184 3379 magis,
210 3300 356 3364 velutin
383 3300 650 3365 continuationem
678 3301 849 3380 quamdam
876 3304 1008 3364 vetustae

72 3396 321 3474 communionis,
360 3401 396 3460 ut
427 3397 508 3459 siout
536 3396 729 3458 firmioribus
757 3398 788 3457 et
819 3397 1007 3476 specialibus

74 3491 237 3557 charitatis
256 3493 390 3557 vinculis
410 3512 482 3557 cum
502 3493 564 3556 illis
583 3496 687 3560 essent
701 3491 860 3573 conjuncti
875 3512 947 3555 cum
960 3492 1008 3555 vi-
