2442 4125
107 400 112 411 ·
210 372 251 434 60
421 386 752 433 msrrrurronnsmrus
773 386 928 433 cruourer.

211 529 375 592 ecclesiam
389 530 614 610 parochialem,
629 534 662 592 ut
675 530 720 593 ibi
733 531 880 591 adessent
894 529 1050 591 sacrificio
1063 534 1156 611 quod

211 646 231 688 a
252 626 390 704 parocho
414 622 644 704 celebrabatur,
677 629 709 687 et
735 626 780 687 sie
807 628 967 704 praeapte
996 625 1154 688 audiendi

211 720 338 783 Missam
353 722 578 785 satisfacerent.
595 725 638 785 At
650 722 691 784 cb
709 720 875 801 privilegia
892 717 1040 780 Patribus
1058 736 1153 780 men·

212 816 388 879 dicentibus
402 836 561 895 concessa,
578 817 732 897 paulatim
746 814 880 877 obtinuit
899 818 932 877 ut
950 812 1062 873 fideles
1078 814 1151 874 ubi-

212 929 335 991 cunque
359 913 485 974 Missam
508 913 654 975 audirent
680 913 712 974 in
740 912 837 987 festis,
864 910 924 970 hoc
951 911 1152 987 preceptum

212 1006 422 1084 adimpleturi.
439 1009 526 1070 Trid.
538 1027 614 1071 sess.
627 1012 676 1069 Ἡ.
690 1005 950 1068 de'observandis
963 1007 996 1063 et
1008 1003 1150 1073 vitandis

211 1104 244 1163 iu
265 1102 474 1166 celebratione
494 1104 621 1167 Missae:
649 1126 663 1161 c
681 1104 830 1165 ltloneaut
849 1098 1030 1180 (Ordinarii)
1051 1101 1150 1160 etiam

212 1198 357 1258 eumdem
379 1201 529 1281 populum
551 1204 585 1261 ut
606 1200 788 1279 frequenter
808 1197 848 1257 ad
870 1214 943 1257 suas
965 1197 1146 1274 parochias,

211 1293 322 1355 saltem
341 1292 504 1356 dominicis
523 1295 758 1376 majoribusque
777 1293 875 1370 lestis,
891 1292 1065 1367 accedant3
1084 1315 1100 1351 n
1120 1300 1149 1356 et

212 1409 239 1451 e.
256 1404 304 1449 111.
321 1406 398 1451 sess.
414 1394 452 1451 24
470 1410 476 1451 :
500 1412 514 1448 c
528 1392 715 1472 Moneatque
729 1389 894 1470 episcopus
908 1388 1063 1469 populum
1079 1389 1148 1452 dili·

210 1487 332 1565 genter,
348 1486 448 1547 teneri
464 1504 720 1568 unumquemque
730 1486 888 1564 parochiae
900 1502 965 1546 suae
979 1484 1145 1562 interesse,

210 1581 264 1643 uhi
283 1583 447 1644 commode
469 1582 500 1645 id
520 1585 587 1645 fieri
607 1586 721 1661 potest,
737 1581 779 1642 ad
797 1582 991 1659 audiendum
1011 1581 1146 1641 verbum

210 1678 308 1739 Dei.»
327 1680 468 1742 Verbum
482 1685 589 1740 autem
606 1678 747 1739 divinum
765 1678 834 1740 vult
852 1677 1005 1739 declarari
1026 1678 1144 1757 popule

210 1768 250 1831 ab
261 1770 329 1849 ipso
340 1771 479 1848 parocho
491 1770 568 1831 inter
582 1771 737 1831 missorum
746 1770 973 1847 celebrationem,
985 1773 1021 1829 ut
1035 1768 1143 1831 videre
1211 1787 1212 1790 ¹

210 1871 258 1928 ost
278 1882 486 1944 c.r111,sess.
506 1869 557 1944 22,
579 1870 610 1929 et
629 1884 657 1928 e.
674 1882 730 1944 vn,
752 1884 828 1928 sess.
849 1860 888 1927 il
907 1866 947 1928 de
968 1865 1140 1929 Reformat.

211 1964 284 2024 Hac
299 1966 403 2026 autem
423 1981 486 2025 non
506 1966 578 2026 sunt
596 1962 761 2042 disciplina
776 1966 904 2042 recepta
920 1965 1076 2043 tanquam
1091 1982 1141 2025 ne·

210 2058 362 2123 cessitatis
382 2063 545 2141 absoluta,
566 2062 622 2123 sed
641 2059 806 2123 suasionis.
830 2059 909 2124 Vide
929 2059 1050 2122 Bened.
1074 2063 1140 2124 xlv

209 2156 248 2219 de
263 2177 333 2239 syn.
350 2158 442 2222 dioec.
458 2159 513 2223 lib.
529 2161 582 2238 Xl,
599 2176 629 2220 c.
643 2171 708 2235 mv,
724 2161 742 2217 '1
758 2174 811 2237 qq.

486 2321 519 2365 De
529 2321 664 2366 aeramen
673 2324 698 2364 ut
708 2323 852 2364 casamento.

249 2435 301 2498 lll.
332 2437 414 2499 Satis
438 2437 476 2500 de
500 2439 698 2504 Eucharistia
719 2441 753 2503 in
778 2442 930 2521 quantum
952 2436 1139 2501 merifleium

209 2534 266 2611 est,
292 2549 348 2594 seu
371 2534 477 2614 quoad
505 2542 609 2598 aetum
636 2554 761 2599 sacrum
789 2553 851 2616 que
875 2533 1060 2610 conficitur3
1086 2534 1139 2596 sed
1209 2562 1210 2597 r

209 2647 304 2710 quum
320 2633 628 2698 transsubstantiatio
643 2651 706 2695 non
719 2634 760 2694 sit
772 2634 1004 2708 momentanea,
1020 2630 1080 2691 sed
1093 2648 1137 2692 er·

208 2725 335 2791 dinetur
361 2731 402 2792 ad
425 2735 663 2811 permanentem
690 2730 906 2807 existentiam,
936 2728 1010 2788 inde
1038 2730 1138 2807 petest

208 2826 312 2903 quoad
341 2844 374 2888 se
402 2828 594 2890 considerari
622 2827 655 2887 in
682 2827 847 2906 disciplina
861 2825 1021 2888 'Ecclesia
1046 2825 1137 2888 etiam

207 2926 337 2988 seorsim
356 2927 396 2987 ab
417 2931 488 2989 actu
511 2944 572 3005 quo
594 2925 768 2989 conficitur.
787 2926 853 2989 Sub
873 2924 935 2986 hoe
954 2928 1137 3002 respectae
1208 2960 1209 3011 4

207 3018 374 3100 disciplina
394 3021 605 3085 ecelesiastica
626 3023 843 3084 consideratur
865 3039 928 3083 non
949 3019 1054 3081 solum
1074 3023 1135 3080 tan·

207 3130 303 3194 quam
329 3116 417 3180 cibus
445 3119 573 3199 quidam
597 3119 767 3200 spiritualis
789 3118 953 3179 hominum
976 3114 1134 3179 refectioni

180 3205 181 3210 ’
207 3211 391 3293 destinatus,
407 3216 462 3277 sed
478 3216 572 3280 etiam
587 3220 738 3299 tanquam
752 3218 910 3300 objectum
925 3216 1028 3278 cultus
1042 3213 1134 3276 chris

208 3307 372 3374 tianorum.

245 3407 345 3472 lude:

248 3507 444 3569 rismum
459 3508 499 3568 ab
514 3508 699 3588 antiquitate
713 3512 745 3572 in
759 3530 833 3574 vase
848 3515 889 3575 ad
903 3514 1004 3577 instar
1022 3518 1132 3579 colum·

206 3597 255 3660 bre
278 3601 329 3662 vel
348 3601 443 3664 turris
467 3600 640 3679 elaborato,
666 3607 697 3665 et
719 3622 815 3683 panes
838 3608 937 3670 altare
959 3615 1016 3671 aut
1043 3627 1132 3692 supra
