2442 4125
320 350 360 399 nn
380 351 510 400 osrscro
528 354 612 401 rums
633 354 789 403 erronica
962 348 1019 409 109

83 494 200 560 altiora
213 512 277 556 non
290 495 479 557 ascenderet
490 496 543 576 qui
557 497 590 557 in
608 496 809 561 inferioribus
828 518 892 563 non
911 501 1022 566 suisset

82 591 250 671 probatus,
266 591 336 653 aliis
350 592 502 654 abusibus
515 594 567 657 via
580 595 732 672 praeeludi
752 596 892 675 deberet,
909 599 1020 661 videli-

82 691 137 749 eet
151 706 261 748 eorum
272 688 326 767 qui
340 688 432 750 eitius
446 708 542 769 quam
555 708 615 770 par
629 695 722 769 esset,
734 695 766 754 et
776 693 946 773 aliquando
957 715 1020 759 non
1125 746 1128 753 ,
1213 660 1214 713 3

82 786 221 848 servatis
235 786 367 865 singulis
385 786 533 848 ordinum
552 788 714 868 gradibus,
735 789 853 851 vellent
870 790 910 851 ad
933 810 1022 870 pres·

81 884 269 961 byteratum
284 882 454 943 ascendere
476 902 484 945 ε
507 884 641 963 proinde
662 888 780 947 statuta
800 891 874 947 sunt
892 886 1022 949 intersti-

84 980 127 1039 tia
145 998 153 1040 ε
172 982 204 1040 et
216 978 372 1040 ordinatIo
387 978 470 1041 faeta
488 979 676 1043 intermedio
700 981 816 1044 omisso
840 982 950 1045 ordine
973 984 1022 1045 in-

83 1070 222 1134 terdieta
245 1072 294 1130 est
315 1070 442 1131 omnino
473 1088 480 1130 ε
513 1070 582 1131 haee
605 1068 692 1131 diota
715 1073 762 1131 est
785 1070 941 1132 ordinatio
968 1090 1023 1151 per

83 1168 205 1228 saltum.
221 1168 267 1225 De
281 1166 351 1244 lege
364 1165 605 1227 interstitiorum
618 1165 705 1226 Trid.
722 1182 798 1227 sess.
816 1168 927 1229 XXIII.
945 1185 972 1229 o.
989 1184 1021 1229 ru
1147 1177 1154 1190 ·

85 1268 118 1326 et
145 1279 225 1325 xvu.
250 1264 295 1323 De
319 1262 517 1324 ordinatione
538 1281 596 1341 per
618 1262 734 1324 saltum
754 1263 805 1323 vel
828 1269 1021 1345 proepostero

85 1376 183 1419 eursu
198 1357 265 1436 agit
278 1356 458 1417 Alexander
470 1357 509 1419 ll.
526 1375 597 1419 ean.
614 1359 656 1418 1⁰.
673 1356 745 1420 dist.
762 1360 813 1419 52.

126 1456 175 1513 De
187 1453 258 1532 lege
280 1450 520 1513 interstitiorum
538 1452 656 1515 adnota
674 1453 908 1534 essequaedsm
926 1454 1022 1515 inter-

85 1550 173 1611 vella
185 1548 335 1626 temporis
351 1566 421 1627 quae
436 1548 476 1617 de
491 1566 554 1609 uno
573 1549 606 1609 in
626 1549 723 1609 nlium
741 1549 884 1610 ordinem
906 1548 1025 1610 debent

85 1645 286 1708 intercedere
301 1646 470 1723 servanda,
492 1664 555 1707 non
575 1650 697 1707 tantum
715 1646 746 1706 in
766 1645 950 1727 maj0ribus,
966 1646 1022 1707 sed

86 1748 119 1802 et
132 1742 168 1801 in
181 1740 356 1803 minoribus
370 1740 548 1816 ordinibus;
563 1742 621 1802 sed
634 1760 691 1821 pro
705 1742 878 1805 minoribus
892 1743 1024 1803 remissa

85 1844 163 1902 sunt
176 1840 352 1919 prudentiae
366 1840 517 1919 episcopi.

126 1941 175 1999 De
188 1938 258 2016 lege
273 1954 344 2016 quae
362 1941 448 1998 vetet
469 1936 700 1998 ordinationem
718 1954 777 2016 per
795 1938 923 2015 saltum,
947 1942 1023 1999 nota

87 2034 165 2096 olim
183 2032 306 2113 aliquos
319 2032 478 2096 interdum
492 2031 630 2094 minores
645 2031 771 2092 ordines
784 2032 913 2110 impune
928 2032 1024 2094 omis-

30 2193 35 2204 ,
87 2149 140 2192 sos
156 2129 254 2190 fuisse
270 2151 277 2191 :
294 2131 389 2191 hodie
403 2129 520 2213 debent
528 2146 638 2189 omnes
648 2127 777 2188 servari.
789 2130 956 2189 Promotus
965 2145 1023 2206 per

88 2226 217 2302 saltum,
233 2227 259 2286 si
273 2226 385 2286 fraude
401 2231 517 2302 eareat,
533 2224 655 2286 tamdiu
665 2221 867 2302 suspenditur
881 2223 920 2284 ab
937 2241 1025 2284 exer·

88 2323 163 2384 eitio
179 2323 298 2384 ordinis
312 2321 460 2400 suseepti,
477 2320 628 2402 quamdiu
639 2320 906 2400 hebeturtempus
917 2338 1024 2382 neees-

72 2414 210 2478 'sarium
224 2417 266 2478 ad
284 2417 428 2484 ordinem
447 2435 541 2496 quem
563 2417 667 2478 omisit
687 2417 922 2497 recipiendum
946 2422 978 2476 et
998 2417 1024 2476 si

88 2532 154 2575 non
178 2513 414 2591 ministraverit,
438 2513 554 2591 poterit
577 2532 650 2574 eum
670 2531 707 2575 eo
729 2515 905 2594 episeopus,
928 2519 964 2574 ut
981 2513 1025 2574 ait

89 2609 178 2671 urid.
195 2628 273 2672 sess.
282 2611 392 2672 XXIII.
403 2627 430 2671 c.
442 2625 511 2686 xnr,
524 2609 712 2688 exlegiIima
721 2627 816 2671 eausa
826 2610 1020 2689 dispensare.

329 2736 377 2782 1112
389 2737 544 2782 beremundi·
554 2738 577 2782 tn
588 2742 639 2782 seta
652 2738 780 2784 saltationis.

129 2822 199 2882 XII.
217 2822 328 2892 Quoad
341 2823 445 2901 ritum,
461 2824 675 2903 unusquisque
691 2825 797 2885 novIt:
815 2822 855 2882 de
870 2819 1024 2898 episeopis

89 2916 237 2978 videatur
260 2918 581 2991 nonamdecimam
599 2927 723 2998 tempas,
746 2917 882 2996 majores
896 2914 1024 2977 ordines

90 3010 252 3071 ordinario
265 3015 297 3072 at
310 3012 469 3073 oommnni
480 3012 552 3092 jure
572 3029 636 3073 non
655 3011 859 3074 conferuntur
878 3009 938 3068 nisi
958 3009 1026 3071 die-

89 3106 150 3166 bus
165 3104 393 3186 determinatio,
409 3125 522 3188 nempe
536 3107 677 3169 sabbatis
687 3109 822 3185 quatuor
832 3097 1022 3185 temporum,

89 3202 225 3263 sabbato
238 3208 358 3282 saneto,
371 3209 402 3266 et
416 3205 547 3266 sabbato
561 3208 634 3265 ante
645 3202 839 3265 Dominioam
854 3203 1022 3264 Passionis.

90 3296 316 3360 Animadverte
330 3300 384 3379 qui
399 3305 488 3363 eaba
499 3304 644 3378 tempore
657 3299 783 3360 ordines
797 3300 928 3379 suscipit
941 3316 1024 3377 prae-
1088 3363 1097 3382 ⁴
1139 3303 1140 3306 ’

90 3396 192 3473 finita,
209 3397 335 3458 ordines
348 3403 510 3477 susceptos
524 3416 682 3476 exercere,
699 3405 731 3459 et
746 3400 911 3477 episeopus
926 3399 978 3476 qui
994 3396 1026 3455 in

91 3490 179 3552 illam
206 3493 309 3572 legem
336 3495 493 3573 pensavit,
523 3493 649 3556 ordInes
673 3495 814 3557 conferre
838 3494 1027 3574 prohibetur

93 3586 134 3665 (a.
151 3604 187 3650 11.
204 3588 244 3649 de
258 3596 392 3670 tempor.
409 3587 571 3667 ordinat).

203 3701 267 3739 rou.
289 3702 319 3742 ιι.
406 3723 408 3728 -
908 3685 923 3733 7
