2442 4125
211 336 251 397 70
420 340 650 391 lnsrlnurlonas
670 339 753 385 touls
774 336 931 383 GANOMCI.

212 493 307 557 ritum
330 490 382 552 ΒΜ
410 486 594 549 contristare
622 500 680 543 nos
707 479 942 553 formidassent
972 480 1072 543 aliter
1104 483 1165 563 qui

212 584 385 651 Ecclesiam
399 598 554 663 nusquam
567 577 701 658 ingressi
716 579 831 652 esseut,
846 576 937 638 aliter
958 577 1013 654 qui
1026 576 1108 656 jam
1127 578 1164 637 in

212 680 359 745 Ecclesia
394 678 474 739 filios
509 678 541 736 et
573 672 717 734 subditos
752 676 858 731 essent
884 671 1033 748 cooptati.
1069 674 1164 753 Ergo

213 777 366 852 Christus,
384 773 437 855 qui
452 772 491 833 ad
506 772 605 833 instar
625 767 791 848 cujusdam
809 766 959 829 benefica
978 767 1165 831 ablutionis

212 873 396 939 instituebat
409 869 577 949 baptisma,
595 866 636 929 ad
653 868 753 928 instar
771 863 938 945 cujusdam
959 869 1052 928 actua
1073 866 1164 946 judi-

214 971 302 1034 cialis
314 965 498 1030 instituebat
518 962 747 1043 poenitentiam.
771 961 906 1023 Proinde
928 962 981 1042 qui
1007 963 1051 1024 ad
1076 964 1164 1042 bap-

214 1069 309 1131 tisma
331 1062 569 1138 contenderent,
585 1078 709 1121 merum
731 1059 922 1121 beneficium
944 1064 1160 1139 expeterent;

215 1163 271 1244 qui
285 1161 502 1241 poenitentiam
516 1158 602 1221 velut
621 1158 668 1217 rei
688 1156 782 1217 simul
802 1159 834 1219 et
854 1160 1061 1219 accusatores
1087 1163 1161 1220 ante

214 1258 353 1324 tribunal
366 1256 567 1319 sacerdotum
580 1273 615 1315 so
634 1254 791 1329 sisterent,
814 1257 850 1315 ιιι
869 1271 927 1331 per
946 1270 1064 1315 eorum
1089 1274 1162 1316 sen·

215 1354 347 1417 tentiam
361 1369 424 1413 non
439 1351 536 1411 semel
556 1356 592 1411 ut
610 1352 643 1411 in
664 1351 864 1429 baptismate,
887 1349 944 1410 sed
966 1351 1100 1430 quotics
1121 1353 1161 1413 ab

216 1450 361 1515 admissis
375 1449 513 1529 peccatis
534 1447 574 1509 ad
597 1448 701 1526 ipsum
722 1446 909 1525 peanitentes
930 1447 1159 1527 confugerent,

216 1550 345 1630 possent
370 1544 499 1606 liberari
527 1562 534 1603 :
572 1542 627 1622 qui
657 1542 816 1620 baptisma
843 1540 1044 1619 susciperent
1076 1559 1162 1603 nova

216 1662 345 1725 prorsus
359 1644 392 1704 in
406 1641 459 1702 illo
475 1640 676 1702 efficerentur
689 1643 834 1701 creatura
849 1635 946 1717 (rrid.
966 1636 1046 1698 ibid.
1067 1657 1100 1700 c.
1117 1638 1158 1717 2),

216 1738 344 1819 plenam
359 1740 390 1799 et
402 1737 558 1815 integram
568 1736 771 1813 peccatorum
780 1732 922 1795 omnium
931 1731 1160 1795 remissionem

218 1834 503 1915 consequerentur;
521 1831 603 1892 hanc
617 1850 693 1893 vero
707 1831 880 1893 novitatem
894 1833 925 1892 et
938 1828 1161 1909 integritatem

219 1947 283 1991 nou
298 1930 568 2009 consequerentur
581 1945 640 2006 per
652 1927 871 2007 poeniteutiam
885 1924 945 1986 nisi
958 1928 1090 2006 magnis
1104 1929 1160 1987 tie-

217 2026 302 2091 tibus
316 2032 348 2090 et
360 2024 523 2090 laboribus
537 2030 568 2089 et
582 2024 857 2101 satisfactionibus,
873 2040 931 2086 uec
950 2024 995 2085 ita
1014 2024 1048 2085 in
1069 2042 1112 2086 eo
1127 2022 1158 2084 vi

218 2124 407 2188 sacramenti
421 2141 548 2203 poenam
568 2120 696 2196 remitti,
720 2123 755 2182 ιιι
773 2121 921 2181 universa
940 2118 1038 2182 etiam
1060 2134 1158 2199 poena
1219 2118 1220 2123 ’

218 2222 425 2284 condonetur.
1219 2282 1220 2301 χ

259 2316 305 2374 Ex
318 2314 367 2374 his
382 2331 452 2392 qua
467 2311 627 2390 desumpsi
642 2329 680 2371 ex
694 2329 732 2373 eo
748 2312 842 2372 Gonc.
858 2309 944 2372 Trid.
958 2312 993 2372 ut
1006 2314 1157 2371 naturam
1219 2336 1220 2377 ι

220 2406 315 2487 hujus
336 2405 540 2469 institutionis
568 2406 609 2468 ad
637 2409 775 2468 mentem
797 2408 934 2467 vestram
956 2421 1155 2480 revocarem,

219 2501 332 2565 ridetis
347 2519 525 2565 sermonem
540 2520 607 2564 esse
624 2503 662 2564 de
677 2504 874 2563 sacramento
894 2501 980 2581 quod
995 2499 1157 2580 judicium

220 2601 282 2674 est;
308 2597 441 2679 proinde
463 2597 606 2659 minister
629 2601 677 2660 est
689 2597 801 2678 jadex,
823 2597 1001 2677 subjectum
1023 2600 1073 2658 est
1093 2614 1157 2657 reae

219 2715 274 2776 seu
287 2696 503 2784 deliuquens3
527 2695 717 2756 instromenta
740 2713 797 2756 scu
820 2694 1016 2774 probationis
1036 2693 1155 2756 tabula

218 2798 292 2858 sunt
305 2794 375 2873 ipsa
389 2792 435 2853 rei
449 2791 623 2865 confe'ssio;
639 2792 737 2871 foram
755 2794 803 2854 est
820 2791 992 2866 sententia3
1014 2790 1156 2852 satisfac

217 2893 319 2954 tiones
341 2907 411 2971 quae
433 2905 486 2948 reo
508 2887 724 2965 imponuntur,
748 2889 823 2947 sunt
842 2904 955 2966 poeaoe·;
969 2885 1106 2967 qualitas
1124 2888 1156 2946 et

218 2987 378 3068 quantitas
393 2989 425 3046 et
439 3000 589 3044 numerus
604 2982 771 3043 criminum
791 3000 829 3042 ex
847 3000 912 3042 uua
932 2986 1034 3061 parte,
1057 2983 1091 3043 et
1109 2982 1156 3042 rei

219 3080 450 3160 dispositiones,
489 3077 598 3159 quales
634 3096 672 3136 ex
699 3077 820 3138 actibus
848 3077 1030 3156 penitentis
1056 3077 1155 3156 ipsius

218 3180 390 3251 eruuntur,
413 3177 503 3255 quasi
522 3175 667 3256 objectam
681 3178 755 3237 sunt
768 3174 863 3254 hujus
874 3174 1002 3255 judicii,
1020 3194 1156 3254 quorum

218 3275 363 3352 respectu
388 3271 582 3332 deliberatur
608 3272 775 3346 sententia,
803 3271 990 3350 infliguntur
1016 3288 1118 3349 poenae
1145 3291 1154 3334 ;

219 3367 303 3428 unde
320 3365 474 3446 theologis
488 3367 687 3445 exploratum
702 3368 749 3427 est
764 3364 849 3447 quod
868 3367 1003 3428 materia
1020 3371 1153 3445 remota,

219 3462 264 3526 uti
289 3462 352 3526 dici
374 3461 464 3538 solet,
489 3461 584 3541 hujus
608 3461 807 3537 sacramenti,
832 3464 982 3541 peccata3
1000 3463 1156 3543 ¹proxime

218 3579 294 3626 vero
316 3560 407 3642 quasi
430 3558 563 3620 materia
586 3557 769 3619 exactibus
792 3559 983 3637 penitentis,
1009 3559 1154 3626 videlicet
