2442 4125
191 270 248 329 156
401 273 632 323 iusnromouus
652 274 735 319 rurus
756 272 912 319 uiuorum.

190 430 225 490 nt
245 424 424 486 contractus
441 423 473 481 et
492 420 726 479 sacramentum
744 416 865 491 existat,
887 434 970 495 quas
988 416 1064 495 ipsa
1078 418 1133 479 de

190 520 348 593 terminat,
364 519 468 595 potest
488 514 566 575 alins
589 513 687 574 etiam
709 510 826 571 addere
849 512 1062 590 prohibentes
1083 514 1131 573 vel

190 617 349 676 irritantes
362 610 569 684 conditiones,
585 625 666 687 quas
679 610 768 668 actus
782 605 956 682 moralitas,
973 608 1029 669 vel
1044 627 1131 669 sano-

190 711 264 772 titas
283 711 315 768 et
334 705 495 767 veneratio
509 701 709 776 sacramenti,
728 718 785 778 pro
804 700 887 761 bono
906 701 1057 761 fidelium
1075 704 1132 780 ipsi

191 805 488 883 repraesentatum
507 798 549 857 ad
570 798 631 857 hoc
652 803 688 856 ut
706 797 851 857 immutet
870 797 1025 857 connubii
1046 797 1130 858 subs

191 900 334 974 tantiam,
350 895 406 957 sed
420 900 455 957 ut
468 892 646 956 inhabilitet
659 892 719 953 sibi
732 892 874 953 subditos
888 892 930 953 ad
944 893 993 953 sic
1008 897 1131 955 contra

192 994 343 1068 bendum,
357 1008 415 1070 pro
430 1008 487 1051 suo
503 993 535 1051 et
546 989 643 1051 totius
657 988 814 1050 societatis
829 988 1020 1051 Christiauae
1035 990 1128 1051 bono.
1202 964 1204 1071 {

192 1092 267 1151 Hac
287 1087 372 1147 enim
392 1087 499 1147 omnia
516 1085 558 1145 ad
576 1084 737 1145 vinculum
755 1083 989 1147 matrimoniale
1005 1085 1145 1147 relatio-

192 1202 266 1244 nem
279 1182 399 1244 dicunt.

231 1280 264 1339 3⁰
275 1278 309 1339 Si
322 1294 425 1338 causae
439 1276 629 1338 intercidant
643 1293 713 1355 quae
724 1274 885 1335 vinculum
894 1276 1128 1338 matrimoniale

192 1374 312 1436 directo
326 1373 499 1451 respiciunt
511 1374 562 1433 vel
580 1372 831 1435 contrabendum
849 1373 900 1433 vel
919 1380 1126 1449 contractum,

191 1469 253 1533 ille
268 1487 377 1532 omnes
392 1468 459 1529 foro
474 1469 684 1530 ecclesiastico
698 1472 898 1529 revocantur.

232 1569 300 1631 XV.
318 1564 395 1643 Ouid
407 1572 502 1647 potest
514 1564 677 1644 Princeps?
691 1564 772 1635 Quid
785 1581 848 1624 non
862 1566 979 1643 potest,
996 1583 1038 1625 ex
1052 1564 1127 1626 indi-

193 1666 278 1725 recto
293 1662 496 1740 consequitur
509 1679 547 1720 ex
561 1660 599 1720 iis
615 1678 684 1739 quae
704 1659 850 1736 diximus,
865 1678 922 1721 seu
943 1677 1011 1721 non
1030 1662 1127 1740 potest

192 1754 316 1835 ingredi
329 1755 362 1814 in
376 1753 585 1816 substantiam
599 1757 698 1815 actus.
715 1756 798 1835 Ergo
815 1775 822 1816 :

234 1854 265 1913 1⁰
280 1850 438 1911 Poteritue
453 1849 615 1910 declarare
629 1850 735 1911 valida
748 1868 818 1929 quae
833 1852 907 1911 sunt
920 1849 1035 1912 nulla?
1211 1911 1212 1967 1

234 1950 271 2009 R.
298 1944 508 2007 contradictio
533 1948 581 2006 est
604 1946 690 2025 quod
713 1946 752 2009 sit
775 1946 896 2007 nullum
920 1951 953 2008 et
975 1948 1123 2009 validum.

194 2048 277 2108 Deus
293 2048 404 2106 auctor
422 2042 584 2122 utriusque
602 2041 777 2121 potestatis,
793 2059 856 2104 non
875 2042 935 2104 fuit
953 2042 1126 2106 contradic·
1212 2031 1213 2082 i

193 2140 298 2216 tionis,
315 2157 406 2200 secus
420 2138 532 2199 eodem
544 2141 687 2214 tempore
701 2137 888 2214 imperasset
901 2139 933 2198 et
951 2155 1018 2198 non
1031 2138 1125 2216 impe

194 2238 304 2296 rasset.
320 2236 404 2313 Ergo
420 2252 518 2295 uuum
532 2232 572 2293 de
587 2231 710 2293 duobus
727 2251 734 2292 :
755 2233 882 2292 Nullum
901 2237 949 2295 est
962 2234 1122 2303 naturaie;

194 2328 251 2389 aad
271 2328 361 2389 civile
383 2329 450 2389 siue
471 2329 607 2392 naturali
630 2346 693 2389 non
714 2331 816 2407 potest
838 2329 1030 2406 subsistere,
1057 2328 1124 2409 quia

194 2421 280 2502 quod
294 2437 402 2482 coram
415 2423 480 2482 Deo
495 2427 544 2485 est
557 2424 689 2500 nullum,
706 2442 768 2485 nou
783 2428 887 2503 potest
904 2427 974 2486 ficri
988 2426 1123 2486 validum

194 2518 235 2580 ab
250 2515 438 2579 hominibus.
451 2519 533 2599 Ergo
544 2521 666 2582 nullum
681 2525 728 2582 est
741 2520 836 2584 etiam
849 2521 952 2583 civile.
966 2524 1067 2584 Secus
1080 2523 1121 2582 lex

193 2614 276 2677 foret
290 2615 457 2692 tyrannica
469 2616 659 2677 coarctando
674 2616 771 2678 finem
785 2617 919 2678 hominis
933 2619 975 2679 ad
990 2619 1122 2698 peculia-

193 2729 261 2773 rem
287 2710 489 2787 societatem,
518 2711 666 2773 violando
694 2713 917 2774 conscientiam
945 2714 1119 2788 individui,

164 2889 167 2894 ‚
192 2808 356 2871 invaderet
372 2806 447 2887 jura
467 2805 615 2875 Ecclesia
634 2806 806 2888 judicando
828 2807 868 2870 de
891 2810 999 2872 vaicra
1023 2827 1121 2872 sacra·

192 2904 301 2967 menti.

231 3002 302 3081 Obj.
326 2999 557 3074 constantinus,
582 2997 788 3078 Theodosius,
804 3001 1013 3080 Justinianus,
1029 3003 1119 3080 impe·

191 3098 312 3156 ratores
327 3096 490 3158 christiani
502 3093 607 3158 valida
616 3095 814 3159 retinuerunt
823 3116 893 3177 quae
903 3098 993 3160 irrita
1003 3103 1074 3161 suni
1084 3097 1117 3158 ab

193 3188 343 3249 Ecclesia.

232 3283 268 3341 R.
280 3282 335 3342 He
349 3283 446 3363 leges,
459 3286 635 3363 presertim
649 3287 688 3348 de
703 3287 856 3366 divortiis,
869 3307 941 3351 cum
952 3307 1016 3351 uon
1026 3289 1117 3351 cbris-

190 3373 292 3450 tianis,
318 3375 374 3436 sed
394 3380 540 3458 gentihus
564 3382 708 3443 omuibus
732 3387 836 3445 esseut
857 3384 1034 3463 applicatae,
1059 3399 1114 3444 nou

188 3474 358 3549 potuerunt
383 3472 589 3548 imperatores
620 3477 729 3538 tollere
760 3477 877 3540 abusus
909 3480 1109 3549 inveteratum
