2442 4125
211 360 269 419 lto
416 364 750 414 1usrtrurrounsruu1s
773 362 930 409 circulor.
1031 398 1034 404 .

210 515 310 577 solute
331 511 500 591 prohibere
519 509 743 591 polygamiam,
767 509 824 569 sed
845 508 1001 571 indirecte
1023 508 1153 572 fovebat

209 610 455 690 monogamiam,

251 706 282 763 l⁰
295 701 440 764 Notando
453 700 590 762 Lamech
605 700 742 777 primum
757 699 974 780 polygamum,
992 702 1152 781 tanquam

209 799 381 879 pessimum
396 801 543 875 nepotem
557 796 662 875 stirpis
677 794 776 856 Caini.

249 899 281 956 2⁰
295 892 479 954 Exhibendo
493 908 700 970 monogamos
717 911 723 951 :
743 892 809 952 Noe
824 896 856 952 et
868 893 933 953 tres
947 891 1046 971 filios,
1066 896 1150 971 Sem,

94 1060 97 1065 .
210 990 320 1065 (tham,
336 989 462 1066 Japhet,
480 988 532 1067 qui
547 986 604 1048 soli
620 1004 639 1046 a
653 985 771 1048 diluvio
786 986 902 1049 servati
918 990 1005 1049 sunt.

250 1090 282 1147 3⁰
303 1082 448 1146 Notaudo
467 1082 653 1160 discordias,
677 1082 760 1144 rixas
780 1084 861 1145 inter
882 1084 975 1145 Sorai
997 1088 1032 1146 et
1051 1087 1149 1166 Agar,

210 1182 293 1242 inter
314 1180 403 1241 Isaac
424 1181 456 1240 et
477 1179 600 1255 lsmael,
627 1196 689 1239 non
714 1179 857 1240 obstante
873 1177 959 1261 quod
973 1177 1152 1259 bigamiam

210 1276 347 1338 Abrahae
366 1277 496 1338 inducat
515 1273 682 1353 cujusdam
699 1274 807 1336 formae
826 1275 876 1336 sui
894 1275 1037 1354 generis,
1054 1277 1105 1339 ita
1123 1284 1154 1337 ut

211 1374 315 1452 potius
334 1374 367 1433 in
388 1373 524 1452 gratiam
544 1370 650 1432 uxoris
669 1370 793 1447 sterilis,
810 1370 877 1431 sine
899 1369 964 1430 ulle
985 1369 1155 1433 inordina-

210 1470 296 1533 tione
309 1471 440 1531 affectus
453 1466 601 1544 Abrabae,
618 1466 763 1527 videatur
776 1468 862 1547 Agar
875 1465 991 1527 ancilla
1014 1468 1058 1528 ed
1079 1486 1154 1529 con-

211 1568 394 1629 cubinatum
411 1566 582 1643 assumpta,
598 1580 695 1644 quam
714 1563 814 1625 electa
833 1566 868 1625 ut
886 1580 966 1625 uxor
985 1565 1154 1644 cumprin-

212 1664 333 1742 cipalis.
806 1660 809 1664 ’

251 1763 284 1818 4⁰
311 1758 479 1819 Constituit
505 1760 542 1819 ut
562 1757 612 1817 vir
634 1758 820 1837 polygemus
846 1756 977 1820 debarai
1000 1759 1154 1820 omnibus

212 1853 362 1916 uxoribus
376 1852 517 1914 debitum
531 1851 665 1915 reddere
680 1871 737 1914 nec
751 1852 872 1915 ancillis
886 1853 1040 1932 exceptis,
1055 1854 1107 1915 ite
1121 1862 1155 1915 ut

211 1949 237 2009 ei
251 1967 343 2010 secus
356 1949 457 2027 fieret,
473 1947 574 2009 libera
587 1948 747 2012 evaderet.

115 2054 118 2058 '
250 2050 282 2110 5⁰
298 2048 533 2125 Deuter.,xv11,
550 2047 586 2106 ll
608 2065 616 2106 :
640 2043 780 2106 Prohibet
797 2064 833 2106 ne
851 2064 905 2108 reu
920 2044 1028 2108 babeat
1043 2062 1152 2114 osores

210 2143 355 2224 plurimos
368 2161 434 2224 quoe
446 2142 582 2204 alliciant
595 2141 726 2201 unimam
739 2141 811 2218 ejus,
829 2147 889 2203 eto.

251 2241 321 2300 Alia
343 2239 525 2319 hujusmodi
546 2238 653 2300 videre
675 2243 724 2297 est
747 2238 888 2299 inlibris
910 2239 1050 2316 Moysis,
1080 2258 1152 2320 que

211 2353 284 2396 cum
298 2354 337 2394 ex
351 2335 412 2395 alia
421 2339 510 2414 parte
521 2335 738 2397 demonstrant
747 2335 900 2413 Moysem‚
912 2353 970 2414 pro
981 2338 1095 2416 populi
1105 2339 1154 2398 in-

211 2428 283 2490 dole
298 2429 350 2489 cui
362 2428 465 2508 legem
479 2430 585 2509 dabat,
602 2431 744 2494 absolute
759 2448 822 2492 non
836 2430 1006 2508 prohibere
1014 2433 1150 2512 polyge-

211 2523 309 2584 miam
325 2543 332 2585 ε
349 2524 443 2605 hujus
457 2527 542 2587 enim
555 2527 635 2608 legis
649 2527 858 2605 adimplendae
873 2545 932 2605 par
953 2545 1017 2588 nou
1036 2527 1151 2588 fuisset

211 2622 345 2700 populus
362 2621 529 2702 judalcus;
546 2644 584 2686 ex
598 2625 661 2685 alia
674 2642 749 2685 vero
764 2623 871 2684 omnio
889 2641 926 2684 eo
947 2623 1101 2686 conducit
1116 2628 1150 2684 ut

211 2719 426 2782 demonstrent
441 2721 654 2800 polygamiam
668 2739 730 2783 uon
750 2739 818 2783 esse
836 2725 954 2782 statum
968 2721 1149 2782 normalem

211 2816 360 2898 conjugii,
377 2817 433 2876 sed
448 2817 653 2880 anormalam.

250 2917 318 2977 Non
332 2913 474 2975 dissimili
490 2915 666 2976 oeconomia
679 2915 803 2991 Moyses
817 2931 892 2974 usus
907 2918 954 2974 est
976 2912 1084 2994 quoad
1101 2913 1152 2974 di-

209 3011 358 3074 vortium.
373 3012 440 3072 llao
454 3009 549 3070 etiam
566 3010 600 3070 in
619 3028 653 3069 re
672 3010 723 3072 lex
742 3011 811 3072 erat
828 3009 935 3088 populi
954 3007 1077 3070 viribus
1093 3027 1150 3088 sp·

209 3106 307 3167 tanda
320 3108 434 3186 quibus
449 3107 595 3168 dabatur.
612 3106 696 3166 Dura
714 3105 920 3167 llaebreorum
940 3106 1049 3166 cervix
1061 3106 1151 3166 male

210 3200 406 3263 sustinuisset
425 3202 530 3281 legem
549 3202 700 3263 absolutae
719 3199 961 3280 perseverantiae
980 3200 1149 3262 connubii.

210 3295 356 3356 Facilitas
370 3297 546 3360 dimittendi
560 3315 674 3360 uxores
689 3315 727 3358 ex
741 3297 809 3376 ipsa
819 3295 1001 3376 polygamia
1015 3297 1099 3372 orta,
1116 3301 1154 3358 ut

210 3387 458 3467 suprapositum
477 3395 534 3469 est,
554 3392 586 3452 in
607 3390 759 3470 populum
779 3391 941 3452 haebreum
958 3389 1149 3467 irrepserat.

159 3480 162 3485 ’
211 3485 243 3545 Si
259 3485 382 3562 Moyses
395 3485 609 3562 prohibuisset
623 3486 804 3562 divortium,
819 3485 871 3547 lex
883 3485 1035 3546 uxoribus
1048 3486 1154 3548 inter-

210 3578 353 3639 ficiendis
366 3579 565 3640 occasionem
578 3579 654 3640 dare
674 3581 836 3658 potuisset.
856 3580 943 3653 Quid-
958 3597 1033 3660 ergo
1055 3580 1154 3662 Moy-
