2442 4125
329 310 368 357 os
387 310 516 359 osrscno
535 312 619 360 roms
640 312 796 362 umorum.
988 306 1025 367 tl

83 456 227 519 imitatio
249 453 366 517 nltimae
387 472 488 518 coenae
511 456 627 519 Christi
649 458 791 536 Domini,
808 463 841 523 et
860 462 1027 526 occultatio

85 552 338 615 christianorum
359 555 573 613 conventuum
592 552 693 614 rabiei
713 563 964 634 persecutorum.
987 560 1030 621 st

85 646 219 708 reddita
237 645 385 707 Ecclesiae
408 664 496 724 pace,
513 646 683 709 celebratio
704 654 861 713 nocturna
881 652 1026 729 exolevit,

86 742 195 804 donec
209 740 378 803 interdicta
391 744 438 802 est
453 742 549 821 (Miss.
567 744 657 805 Rom.
674 744 749 813 Pius
762 748 801 809 V.
816 752 916 810 const.
933 748 1030 810 Scae·

88 835 253 915 tiesimue):
270 854 346 917 ergo
368 836 409 897 ab
430 854 546 899 aurore
569 838 610 899 ad
633 840 799 901 meridiem
822 842 924 904 Missae
946 843 1031 905 cele·

87 934 242 1009 beantur,
267 938 398 1012 excepta
417 934 513 995 missu
533 934 665 996 solemni
685 937 719 997 in
739 946 831 1001 nocte
853 938 1030 1002 Natiuitatis

90 1026 231 1104 Domini,
245 1030 277 1088 et
289 1025 461 1106 privilegiis
475 1029 677 1115 specialibus,
688 1036 721 1093 et
731 1033 943 1113 singularibus
956 1050 1031 1095 con·

91 1123 327 1201 suetudinibns,
345 1128 376 1185 et
391 1124 576 1205 urgentibus
597 1128 793 1191 necessitatis
806 1130 932 1192 casibus
947 1130 1025 1211 (lig.

91 1221 134 1282 de
147 1221 249 1283 Eucti.
267 1219 341 1282 dub.
360 1238 390 1297 v,
406 1223 465 1283 345
482 1220 561 1301 ρῳ).
576 1224 694 1287 Verum
707 1242 765 1303 pro
779 1226 881 1287 Missis
896 1226 1029 1305 privatis

92 1317 241 1397 specialis
256 1317 336 1378 hora
350 1335 413 1379 non
429 1322 476 1380 est
485 1317 714 1395 ¹determinata3
730 1325 831 1402 atpro
844 1322 980 1403 publicis
993 1340 1032 1384 ec

92 1414 289 1475 solemnibus
303 1413 405 1475 Missis
420 1418 514 1476 eertoe
534 1413 622 1478 horse
636 1421 709 1479 sont
723 1418 901 1481 constitute
919 1418 1032 1480 videli-

92 1512 145 1571 oet
165 1509 269 1585 tertia,
286 1513 385 1586 sexta,
402 1526 497 1587 none,
516 1510 605 1589 cnjus
624 1512 671 1573 rei
684 1512 837 1575 indicium
857 1513 963 1575 adbuc
983 1517 1032 1575 est

91 1606 126 1667 in
142 1604 239 1667 oflicii
252 1604 476 1667 celebratione.

495 1771 521 1811 2⁰
535 1767 568 1810 Dc
579 1769 636 1811 loco.

136 1887 204 1949 Vll.
222 1886 352 1948 Vetusta
372 1886 431 1948 luit
450 1886 601 1949 Ecclesiae
621 1887 788 1968 discipline
806 1888 937 1968 (Bened.
960 1891 1031 1951 xlv

94 1983 136 2044 de
153 1982 264 2045 Sacris.
282 1983 383 2045 Missae
398 1984 452 2045 lib.
469 1986 494 2061 1,
511 2002 539 2045 o.
556 1983 579 2062 1)
594 1983 635 2045 ad
651 1984 798 2046 decorem
822 1984 917 2066 hujus
937 1986 1032 2047 sacri·

94 2077 159 2140 ficii
183 2082 289 2141 sancte
311 2079 454 2143 instituta
476 2083 648 2160 sancteque
672 2087 812 2157 servate,
838 2085 874 2142 ut
896 2082 929 2142 in
953 2083 1031 2144 locis

96 2173 204 2235 divino
219 2175 314 2237 cultui
336 2175 435 2236 sacris
449 2180 481 2238 et
494 2177 527 2236 in
540 2175 658 2238 mensis
680 2176 754 2236 hnic
773 2175 845 2236 usui
867 2175 1033 2238 destinatis

94 2269 175 2332 illud
190 2271 365 2333 offerretur.
382 2275 423 2332 At
437 2273 517 2334 sicut
531 2273 627 2352 hujus
641 2271 813 2351 disciplinae
832 2273 912 2334 ratio
926 2273 959 2334 in
974 2273 1033 2334 de-

95 2384 168 2428 core
179 2366 273 2448 hujus
282 2369 472 2430 sacrosancti
479 2370 622 2447 mysterii
631 2370 734 2449 posita
743 2374 791 2432 cet
801 2370 890 2449 (ibid.
901 2374 931 2446 3,
941 2373 972 2445 6,
985 2371 1030 2448 l),

93 2465 140 2526 ita
155 2468 185 2526 et
200 2466 323 2545 quoties
344 2468 450 2528 decori
472 2469 635 2547 provisum
648 2473 742 2546 esset,
759 2473 843 2531 etex
858 2470 921 2532 alis
940 2473 1033 2548 parte

92 2562 201 2640 gravis
217 2561 365 2642 quaedam
386 2563 504 2626 utilitas
517 2565 567 2627 vel
581 2565 752 2628 necessitas
771 2565 942 2645 spiritualis
961 2581 1033 2642 pos·

91 2657 175 2719 tolet
188 2660 223 2718 ut
238 2659 332 2720 Missa
351 2660 537 2738 celebretur,
555 2662 701 2724 admissae
723 2665 798 2722 sunt
817 2662 891 2722 hnic
911 2658 1031 2738 regulae

97 2753 309 2830 exceptiones.

138 2851 168 2908 l⁰
190 2850 225 2909 ln
246 2850 457 2912 vetustissima
477 2852 625 2913 Ecclesiae
646 2853 822 2930 disciplina,
839 2848 966 2930 quondo
986 2849 1033 2908 rei

96 2945 275 3009 christiane
299 2948 527 3027 persecutionis
548 2948 673 3028 gladios
695 2947 892 3022 minabatur,
917 2946 1035 3006 scimus

96 3042 207 3103 Missas
222 3044 352 3122 privetis
366 3046 398 3104 in
414 3045 570 3122 domibus,
586 3047 619 3105 in
634 3045 835 3116 caemeteriis,
850 3042 883 3102 in
900 3045 1035 3104 carceri-

95 3137 157 3197 bus
172 3137 357 3217 celebratae,
371 3145 402 3202 et
416 3141 586 3220 aliqnando
601 3141 687 3200 nullo
702 3139 844 3201 adhibito
858 3139 960 3202 altari.
973 3141 1037 3200 Lu·

21 3307 26 3317 .
96 3232 205 3294 cianus
228 3240 360 3314 martyr,
386 3237 462 3298 dum
485 3236 517 3297 in
546 3237 679 3297 vinculis
708 3242 807 3313 esset,
837 3236 1035 3297 celebrandis

96 3331 198 3392 Missae
214 3349 311 3394 cause
324 3336 450 3413 proprio
466 3353 541 3394 usus
556 3339 604 3393 est
617 3337 745 3412 pectore
759 3337 911 3414 tanqum
930 3334 1032 3407 elteri,

97 3435 130 3489 et
143 3429 349 3491 diaconorum
363 3448 476 3493 manns
490 3430 532 3491 ad
546 3429 791 3492 sacrificandum
804 3449 861 3510 pro
876 3431 968 3492 altori
982 3429 1036 3490 sd·
1119 3493 1124 3497 .

98 3523 235 3586 hiboisse
251 3524 491 3588 'theodoretum
504 3525 649 3606 legimus.
775 3607 778 3614 Ι
