2442 4125
348 363 390 409 na
408 364 639 411 caruero-rums
660 365 815 411 canuntur.
986 355 1043 412 tol

154 510 311 583 Jamvoro‚
327 508 429 582 Pater,
445 508 540 568 Filius
555 515 585 569 et
600 507 732 586 Spiritus
742 510 875 572 Sanctus
894 516 959 571 tres
978 528 1048 589 por·

114 622 201 667 souae
232 622 313 665 unus
341 605 423 663 Deus
454 604 645 665 constituunt
678 604 835 681 objectum
862 605 1047 683 primarium

114 703 217 762 cultus
240 698 416 771 christiani;
443 700 598 759 mediator
619 700 675 759 Dei
704 707 735 760 et
763 699 925 760 hominum
952 701 1047 760 homo

114 798 256 859 Christus
279 796 372 857 lesus
395 796 447 855 ille
470 803 517 855 est
540 812 635 873 quem
657 796 795 857 Ecclesia
817 796 960 876 agnoscit
981 802 1047 857 tau·

114 912 212 972 quam
226 910 319 953 suum
332 892 548 953 immediatum
562 898 724 954 auctorem
743 899 774 953 et
791 880 943 971 tanquam
957 910 1049 953 suam

63 1010 68 1015 ·
114 989 369 1067 propitiationem
392 989 475 1067 apud
498 988 642 1061 Patrem,
667 1006 724 1065 per
745 1007 841 1067 quam
864 994 943 1049 orat.
965 990 1047 1070 Ergo

115 1085 256 1145 Ecclesia
272 1083 332 1143 hoc
346 1088 542 1145 sacramento
557 1102 616 1144 usa
629 1092 677 1144 est
690 1102 755 1144 non
769 1085 871 1144 solum
894 1084 935 1144 ad
956 1082 1047 1163 spiri·

114 1179 233 1241 tualem
248 1178 387 1240 fidelium
401 1180 617 1257 relectionem,
634 1180 691 1240 sed
706 1180 781 1258 illud
800 1181 975 1258 prasertim
989 1179 1048 1240 sub

106 1275 280 1355 'speciebus
308 1276 398 1354 panis
424 1293 496 1354 quae
524 1275 644 1337 facilius
672 1283 915 1347 conservantur,
949 1274 1048 1351 illud,

114 1374 255 1449 inquam,
272 1373 419 1451 servavit,
436 1379 472 1434 'at
496 1374 691 1434 adorandum
714 1373 876 1451 proposuit
898 1378 1048 1451 tanquam

115 1468 272 1546 objectum
310 1468 480 1549 principale
517 1469 598 1529 circa
633 1469 718 1547 qnod
745 1468 921 1529 volveretur
947 1468 1048 1529 cultus

114 1565 317 1626 christianus·
331 1566 454 1625 Etcum
470 1568 556 1625 tanta
572 1564 791 1644 intersignum
805 1563 925 1623 visibile
944 1580 1048 1623 soora-

115 1668 257 1722 mentum
272 1664 304 1722 et
317 1660 470 1722 invisibile
486 1660 642 1737 objectum
656 1662 758 1722 cultus
772 1660 880 1738 nostri,
892 1658 1048 1719 Christum

115 1756 226 1829 Deum,
243 1754 323 1815 adsit
336 1754 457 1828 relatio,
475 1756 592 1832 quauta
613 1752 846 1831 quodammodo
870 1753 951 1813 iuter
969 1752 1050 1824 acci·

114 1851 222 1913 dantia
249 1856 280 1912 et
300 1850 507 1913 substantiam
528 1850 691 1912 intercedit
711 1868 782 1927 quae
804 1849 865 1911 illis
889 1848 1046 1926 subjacet,

115 1950 264 2013 eumdem
281 1934 334 2011 illi
357 1950 521 2029 profitetur
544 1949 663 2010 cultum
685 1949 784 2009 latriae
809 1966 904 2026 quem
927 1946 1048 2007 Christo

116 2044 175 2123 ipsi
197 2042 377 2123 profitetur,
402 2063 458 2106 seu
479 2043 618 2104 Christus
634 2048 802 2104 veneratur
816 2041 874 2102 sub
898 2056 1050 2119 apparen-

116 2142 166 2202 tiis
181 2141 270 2219 panis
285 2147 338 2201 aut
353 2143 426 2214 vini,
443 2142 531 2202 sicuti
546 2141 572 2200 si
588 2141 620 2200 iu
630 2140 770 2200 humana
783 2139 885 2218 figura
895 2137 937 2198 ibi
953 2153 1048 2214 appe·

115 2243 209 2298 reret.
240 2237 346 2298 Cultus
374 2237 459 2297 enim
488 2255 551 2297 non
581 2237 729 2298 terminat
757 2236 789 2294 in
819 2233 953 2312 figurem
977 2250 1046 2309 quae

116 2333 250 2394 exterius
263 2331 489 2402 manifestatur,
507 2332 562 2392 sed
576 2332 608 2392 in
619 2349 785 2410 personam
797 2349 893 2410 quam
903 2330 1046 2392 colimus.

114 2431 184 2490 Non
200 2428 288 2490 aliter
301 2427 396 2489 vestis
411 2426 544 2505 qualitas
558 2431 606 2490 est
625 2428 805 2490 indifferens
827 2429 860 2489 in
878 2429 989 2490 ordine
1008 2427 1063 2486 ad.

115 2524 235 2586 cultum
249 2543 341 2603 quem
356 2527 422 2606 regi
439 2526 602 2588 debemus.

310 2687 322 2734 β
336 2683 370 2727 11.
385 2694 413 2727 on
428 2693 546 2731 aurnuns
561 2693 654 2726 caarsrr
664 2687 696 2725 ar
713 2691 860 2727 sonorosus.

156 2792 209 2852 IX.
226 2791 410 2852 Sanctarum
425 2791 627 2868 reliquiarum
643 2788 769 2848 nomine
784 2784 927 2847 strictiori
943 2792 974 2847 et
986 2786 1047 2863 pri·

114 2887 216 2950 mario
231 2904 325 2946 sensu
345 2885 546 2966 intelligimus
570 2891 693 2944 mortua
708 2887 888 2944 sanctorum
903 2897 1046 2958 corpora,

116 2997 187 3059 quaa
210 2983 235 3041 si
253 2981 367 3042 inerint
381 2983 513 3058 integra,
530 2986 583 3042 aut
602 2978 788 3058 spectabiles
810 2993 920 3037 eorum
942 2981 1047 3052 partes

114 3074 166 3134 vel
190 3075 283 3134 etiam
305 3075 344 3134 de
368 3091 407 3134 ea
436 3071 584 3152 singulari
608 3078 696 3150 parte
724 3069 757 3128 in
779 3085 842 3146 qua
864 3083 976 3144 passus
1000 3072 1048 3124 est

114 3171 249 3246 martyr,
265 3169 411 3229 dicuutur
425 3168 575 3246 r'ruipnes;
589 3183 680 3226 secus
694 3164 833 3248 reliquiae
849 3161 985 3223 minores.

158 3262 349 3324 Secundario
372 3262 573 3340 intelligimus
598 3261 785 3321 vestimenta
811 3256 942 3335 quibos,
972 3255 1046 3316 dum

117 3356 267 3430 viverent,
283 3356 332 3416 usi
347 3361 429 3430 sunt,
447 3358 502 3415 aut
516 3353 630 3431 quibus
643 3359 713 3429 post
727 3357 860 3411 mortem
874 3349 1049 3410 liuteissint

115 3453 258 3524 involuti,
282 3467 339 3512 uec
360 3468 424 3510 nou
449 3449 587 3526 martyrii
612 3452 643 3509 et
665 3445 910 3508 mortificationis
933 3446 1049 3506 instru-

117 3549 237 3607 menta.
257 3547 317 3607 Res
340 3564 410 3626 quea
435 3546 558 3605 illorum
584 3544 653 3604 usui
676 3543 892 3604 inservierunt.
915 3542 1048 3600 Demum
