2442 4125
362 357 400 402 ns
422 353 552 403 ostscro
572 357 654 404 susis
677 357 831 405 errorum.
1021 348 1061 408 59

122 519 124 523 ’
165 501 257 575 Quod
277 518 353 563 vero
374 502 509 579 pertinet
529 500 570 562 ad
588 501 768 563 sacerdotes
787 500 839 582 qui
859 500 986 581 speciali
1007 502 1061 564 ali-

123 617 187 680 quo
205 597 297 660 titulo
316 596 357 657 ad
376 596 558 678 hujusmodi
575 595 713 658 officium
732 601 891 674 tenentur,
909 601 1061 661 statutum

124 702 257 856 estllales
277 797 352 854 sunt
371 809 481 853 omnes
499 791 679 854 sacerdotes
697 812 798 854 coram
817 792 984 854 animorum
1004 794 1061 856 ha-

121 889 246 964 bentes,
261 887 314 966 qui
331 886 509 965 obligantur
519 884 560 944 ad
574 886 676 948 Missae
692 887 936 949 celebrationem
951 887 1060 948 diebus

81 1046 84 1050 ,
122 983 290 1045 dominicis
305 985 337 1042 et
350 981 446 1044 festis.
464 982 530 1043 Hoc
543 985 630 1061 patet
649 1000 686 1041 cx
705 983 790 1044 Trid.
808 1001 884 1044 sess.
902 985 952 1060 23,
969 1001 997 1043 c.
1014 985 1057 1044 8:

121 1079 199 1140 ibid.
214 1079 254 1140 de
265 1078 471 1140 observandis
481 1081 513 1140 et
526 1077 661 1138 vitandis
675 1079 708 1138 in
720 1079 930 1140 celebratione
944 1080 1057 1158 Missae,
1153 1125 1158 1136 .

123 1177 155 1234 et
169 1189 246 1232 sess.
263 1175 314 1248 24,
327 1189 353 1233 c.
367 1175 387 1231 l
402 1175 433 1231 et
447 1175 477 1247 7,
490 1170 544 1232 ubi
558 1171 626 1232 vult
640 1171 719 1232 utin
734 1171 898 1233 dominicis
911 1171 1060 1254 festisque

121 1265 297 1346 majoribus
325 1264 481 1344 parochus
509 1264 592 1337 inter
619 1264 787 1325 missarum
817 1265 1060 1328 celebrationem

121 1360 256 1424 verbum
270 1360 328 1422 Dei
339 1360 455 1439 populo
475 1363 622 1438 exponat,
644 1360 709 1420 sive
729 1361 803 1440 quia
821 1378 897 1423 sess.
915 1364 965 1438 24,
982 1380 1010 1423 c.
1028 1365 1056 1440 l,

121 1455 190 1518 vult
217 1456 252 1515 ut
277 1470 335 1532 pro
365 1452 475 1513 ovibus
499 1452 562 1513 suis
590 1453 780 1514 sacrificium
803 1456 947 1531 offerant,
974 1453 1059 1533 quod

121 1553 195 1630 (lgr.
223 1550 318 1611 (lonc.
344 1547 517 1611 declaravit
543 1547 707 1610 dominicis
735 1549 881 1631 omnibns
909 1549 1058 1631 festisque

120 1646 314 1709 faciendum.
652 1657 654 1664 '

161 1745 320 1804 Praeterea
336 1742 467 1803 canonia
487 1740 602 1822 aliique
622 1743 802 1804 sacerdotes
824 1741 1058 1805 cathedralibus

119 1836 356 1920 collegiatisque
378 1836 517 1899 ecclesiis
541 1837 659 1900 addicti
683 1857 690 1898 :
717 1839 872 1900 Honorius
899 1838 941 1899 lll
969 1836 1001 1899 in
1024 1835 1056 1902 c.

120 1936 216 2012 Quum
236 1943 370 1995 deutoro
388 1934 428 1995 de
447 1933 656 1994 celebratione
674 1935 787 2012 Missae,
805 1939 836 1997 et
854 1935 956 2020 Glemr
970 1935 1008 2011 V,
1025 1933 1058 1992 in

120 2018 311 2097 clementina
330 2035 360 2094 l·
379 2033 419 2094 de
438 2032 648 2095 celebratione
667 2033 845 2113 missarum,
862 2038 1005 2094 statuunt
1024 2035 1059 2094 ut

120 2131 155 2191 in
176 2130 321 2191 omnibus
342 2128 576 2192 cathedralibus
595 2132 627 2191 et
645 2130 816 2215 collegiatis
836 2127 977 2190 ecclesiis
995 2146 1059 2189 una

121 2243 196 2288 oum
212 2225 307 2286 divini
322 2226 417 2287 officii
436 2225 648 2287 celebratione
665 2227 760 2288 Missa
779 2225 964 2307 quotidiana
982 2240 1058 2286 con-

121 2322 313 2386 ventualiter
326 2324 512 2384 celebretur.
523 2324 660 2403 Hacque
675 2323 769 2386 Missa
782 2322 878 2385 debet
890 2340 949 2403 pro
963 2322 1057 2383 bene·

119 2418 294 2483 tectoribus
308 2418 471 2498 applicari,
488 2425 523 2479 ut
535 2423 623 2498 patet
641 2438 679 2481 ex
700 2420 834 2497 decretis
853 2421 925 2500 Ggr.
947 2420 1055 2495 (lonc,

120 2534 193 2597 quae
207 2516 286 2576 dum
301 2525 394 2595 urget
407 2516 467 2577 hoc
480 2523 685 2596 preceptum,
700 2518 780 2579 solet
792 2524 900 2578 tamen
914 2533 994 2578 onus
1008 2532 1057 2575 re·

119 2615 248 2678 mittere
262 2618 357 2692 atque
376 2613 562 2675 contrahere
580 2613 622 2675 ad
641 2614 724 2675 solos
743 2614 810 2676 dies
828 2614 935 2689 festos,
952 2611 978 2673 si
994 2610 1057 2673 sint

118 2711 232 2789 inopes
247 2709 435 2787 presbyteri.

160 2809 321 2869 Praeterea
338 2806 361 2865 ii
378 2809 526 2867 tenentur
543 2805 597 2885 qui
617 2805 767 2885 singulari
790 2803 918 2881 beneficii
936 2801 986 2863 vel
1007 2818 1056 2861 ro-

117 2901 257 2986 pellooioe
276 2902 366 2963 titulo
388 2901 429 2961 ad
448 2901 628 2982 hujusmodi
648 2902 786 2961 officium
805 2898 1054 2977 adstringuntur,

117 3000 171 3063 vel
185 2998 378 3077 stipendium
392 3016 449 3077 pro
463 2998 558 3059 Missa
571 2996 760 3060 celebranda
774 3001 973 3075 acceperunt.

158 3097 215 3157 Xl.
232 3096 323 3167 Quod
337 3113 411 3157 vero
425 3095 563 3175 pertinet
580 3096 622 3157 ad
641 3093 834 3157 audientiam
852 3092 972 3172 populi,
989 3092 1056 3155 uni-

117 3190 235 3269 cuique
255 3194 366 3251 notum
387 3197 435 3253 est
452 3190 611 3271 quomodo
631 3190 782 3251 festorum
803 3187 1003 3251 observantia
1024 3188 1056 3249 in

116 3285 313 3348 abstinentia
341 3285 382 3345 ab
410 3286 558 3365 operibus
585 3285 750 3348 servilibus
778 3289 809 3347 et
835 3285 868 3345 in
895 3283 1057 3345 auditione

116 3384 223 3447 Musa
245 3382 407 3445 consistat.
424 3386 468 3444 De
489 3383 527 3444 iis
546 3383 610 3445 late
631 3384 740 3445 dicunt
762 3384 942 3447 moralistae.
966 3385 1001 3445 ln
1021 3398 1056 3442 re

116 3490 230 3543 nostra
244 3480 478 3543 observandum
493 3485 615 3543 tantum
628 3482 714 3562 quod
728 3481 821 3563 juxta
838 3487 979 3545 veterem
992 3480 1057 3539 dis-

117 3575 272 3657 ciplinam
298 3574 337 3636 iis
365 3574 476 3637 diebus
502 3575 617 3655 singuli
645 3575 804 3639 debebant
837 3574 987 3638 accedere
1014 3569 1056 3633 sd
