2442 4125
191 335 250 396 206
401 345 631 394 rusurrurroues
650 345 734 391 sums
756 345 911 390 canorum.

189 495 343 574 perpetua
362 491 529 554 dilectione
554 495 585 552 et
608 490 758 552 societate
787 489 957 570 conjugali.
987 492 1138 570 Uterque
1217 478 1218 483 ¹

189 609 261 652 eum
276 587 391 668 conjux
405 587 527 648 videret
541 586 573 646 in
587 604 644 646 suo
659 586 794 665 conjuge
808 586 1009 664 proditorem
1024 587 1140 648 matri·

189 685 298 762 monii,
323 687 354 746 et
374 686 544 762 perpetuus
563 681 703 742 criminis
723 698 899 758 remorsus,
922 687 957 744 et
976 687 1141 762 perpetua

191 781 365 844 diffidentia
378 780 419 842 ab
433 795 539 840 amore
554 783 587 839 et
601 778 754 840 charitate
769 778 934 840 alienaret.
1218 836 1219 859 p

231 881 306 940 Haec
333 878 413 939 ratio
442 875 623 938 verificatur
646 874 796 936 amussim
822 875 856 935 in
877 876 1044 938 adulterio
1066 896 1140 940 cum
1218 864 1219 869 ¹

192 975 254 1035 fide
275 975 325 1034 vel
346 975 501 1034 attentatu
522 970 734 1049 matrimonii,
757 971 791 1030 in
816 970 1001 1050 conjucidio
1026 978 1141 1034 mutua

193 1067 423 1146 conspiratione
446 1069 664 1128 consummate
688 1084 761 1127 cum
785 1067 891 1127 animo
919 1068 1140 1129 contrahendi

193 1163 427 1224 matrimonium
441 1163 524 1225 inter
538 1179 582 1238 se,
595 1162 628 1222 in
642 1160 796 1223 adulterio
811 1179 884 1222 cum
893 1162 1138 1225 machinatione

194 1260 285 1320 unius
300 1259 332 1318 in
346 1263 480 1320 mortem
494 1260 623 1322 alterius
638 1259 791 1338 conjugis,
812 1258 866 1320 uhi
886 1258 958 1320 haec
978 1260 1056 1338 ipsa
1074 1277 1139 1319 ma·

195 1355 344 1431 chinatio,
373 1355 447 1416 licet
474 1359 623 1434 exparte
644 1354 746 1430 unius,
772 1353 827 1415 dat
848 1357 1136 1434 praeumptionem

195 1449 290 1511 animi
314 1448 442 1512 alterius
466 1449 506 1510 ed
530 1448 782 1512 contrahendum
801 1448 1049 1510 matrimonium
1067 1467 1138 1510 cum

196 1548 350 1611 adultera.

236 1643 269 1701 In
289 1641 357 1701 aliis
381 1641 506 1702 casibus
529 1641 597 1702 haec
618 1640 752 1701 societas
774 1639 807 1699 in
829 1639 990 1701 violandis
1009 1641 1137 1720 juribus

198 1735 320 1795 honesti
335 1735 473 1813 conjugii
486 1743 559 1795 cum¹
572 1736 678 1796 animo
692 1740 724 1798 et
744 1735 807 1795 fine
828 1735 1044 1796 contrahendi
1066 1754 1137 1798 con·

194 1829 317 1910 jugium
332 1829 539 1891 desideratur.
557 1832 618 1892 Sed
635 1849 760 1909 semper
778 1831 1012 1892 recurrendum
1032 1839 1082 1892 est
1100 1831 1138 1891 od

195 1925 292 1986 odium
306 1924 390 2003 quod
405 1925 543 1988 continet
556 1926 625 1987 haec
638 1925 689 1986 lex
703 1929 738 1986 ut
752 1924 925 2004 explicetur
935 1942 1039 2004 quare
1049 1924 1134 1985 adul-

197 2023 312 2085 terium
327 2023 441 2085 deheat
455 2040 522 2084 esse
537 2031 778 2097 consummatum,
802 2023 847 2085 uti
868 2021 1014 2098 videtur3
1038 2040 1133 2103 quare

197 2121 410 2201 conjnoidium
432 2121 546 2183 debeat
570 2138 638 2181 esse
661 2139 727 2180 cum
750 2119 853 2200 effecto
875 2129 989 2197 secuto,
1019 2126 1053 2184 et
1074 2138 1131 2181 non

196 2217 331 2277 sufficiat
344 2221 454 2279 mutua
466 2216 656 2278 machinatio
671 2217 704 2277 in
718 2218 802 2278 huno
817 2223 954 2292 reatum,
966 2218 1045 2280 licet
1054 2217 1131 2279 occi-

198 2312 330 2372 aionon
360 2312 455 2374 fuerit
479 2317 597 2375 secuta.
630 2316 710 2375 Nam
739 2313 771 2376 in
804 2313 854 2375 his
881 2315 979 2375 etiam
1007 2315 1131 2376 casibus

199 2407 390 2483 reperiretur
408 2408 533 2470 violatio
552 2409 672 2488 jurium
692 2410 904 2491 conjugalium
929 2414 1045 2473 mutuo
1066 2428 1133 2470 con-

200 2518 293 2561 sensu
307 2500 389 2561 facta
402 2500 516 2563 intuitu
530 2505 730 2567 matrimonii.

240 2594 353 2656 Audivi
367 2594 536 2675 quemdam
549 2600 742 2658 asserentem
755 2598 911 2660 rationem
925 2598 1022 2678 hujus
1037 2599 1132 2676 impe

201 2692 329 2755 dimenti
355 2694 530 2772 essequod
563 2695 732 2773 opponitur
757 2694 916 2756 sanctitati
945 2694 1130 2756 sacramenti

201 2791 401 2866 matrimonii,
418 2788 502 2869 quod
517 2791 719 2852 matrimonia
731 2791 920 2853 inchoentur
935 2796 1009 2853 actu
1023 2809 1132 2871 pecca-

202 2889 332 2951 minoso.
359 2888 422 2949 Sed
439 2888 507 2949 haeo
529 2888 609 2947 ratio
633 2888 725 2949 nimis
747 2906 831 2967 rego
852 2891 919 2963 est3
944 2893 1022 2949 tunc
1052 2888 1130 2949 enim

202 2983 289 3047 irrita
309 2986 458 3046 cederent
478 2983 679 3045 matrimonia
699 2984 805 3045 omnia
826 3002 896 3063 quae
918 2984 1045 3046 initiata
1063 2989 1130 3045 sunt

202 3078 323 3138 actibus
336 3076 463 3154 illicitis,
481 3095 518 3137 ex
532 3095 594 3156 gr„
610 3078 724 3156 copula
737 3077 855 3139 carnali
869 3078 928 3139 auh
942 3077 1007 3139 fide
1028 3077 1130 3139 matri-

203 3174 311 3234 monii.

243 3262 275 3322 Si
303 3262 444 3326 infideles
469 3283 532 3326 non
559 3268 707 3328 tenentur
733 3267 794 3328 hoc
825 3267 1072 3345 impedimento,
1099 3269 1128 3329 id

204 3359 347 3433 provenit
361 3378 398 3419 ex
413 3378 450 3421 eo
465 3362 549 3441 quod
571 3380 633 3423 non
654 3367 728 3425 suni
747 3364 916 3443 participes
933 3364 1015 3444 juris
1035 3364 1130 3426 eccle·

204 3452 330 3513 siastici.
