2442 4125
168 231 207 290 84
378 237 608 285 tusrlrurlortus
629 235 712 282 JURIS
735 234 889 282 curamur.

169 388 316 451 Urbanus
329 387 357 447 ll
371 383 517 445 omnibus
531 383 585 461 qui
603 381 704 460 captis
722 382 818 444 armis
833 385 943 444 contra
961 383 1107 448 infideles

169 485 251 544 irent
265 481 306 542 ad
318 484 413 542 terrae
427 482 543 542 sancta
558 478 840 559 recuperationem.
857 480 1044 558 Exemplum
1058 500 1107 542 se-

170 584 261 640 cutus
282 583 330 638 est
349 575 509 657 Eugenius
526 577 568 636 ΙΙΙ
583 575 637 654 qui
657 574 851 654 largissimum
865 573 979 634 veniam
992 575 1106 637 iisdem

170 679 268 737 Grnce
284 674 414 754 signatis
427 673 587 750 impertiit,
603 678 639 733 ut
652 675 739 751 patet
753 672 785 732 in
801 670 933 750 epistola
951 673 1106 736 Bernardi

170 775 228 834 363
253 770 337 850 (pag.
363 772 433 844 276,
460 767 588 829 edition.
615 765 809 846 Mabillonii).
836 767 983 828 Nonnulli
1007 768 1107 833 citant
1197 786 1207 807 ·

171 867 316 945 exempla
329 864 508 943 antiquiora
522 864 649 924 Urbano
664 864 702 938 ΙΙ,
713 863 769 924 sed
783 881 845 924 non
860 862 1008 924 videntur
1021 882 1106 925 com·
1125 921 1127 925 ,
1172 874 1177 883 ’

170 980 299 1022 munem
313 960 403 1038 sequi
417 957 615 1018 sententiam.
633 958 723 1018 Ratio
744 958 824 1018 forte
843 958 874 1018 in
892 975 929 1018 eo
945 958 1104 1038 estquod,

172 1056 276 1136 quoad
291 1073 367 1114 usus
379 1053 649 1132 indulgentiarum
662 1054 817 1114 coercitus
832 1057 899 1115 erat
912 1053 1106 1132 poenitentia

171 1150 351 1225 canonicae;
372 1168 441 1211 sese
460 1169 523 1211 non
542 1149 731 1212 extendebat
745 1149 785 1210 ad
799 1167 910 1228 poenas
925 1167 1033 1214 omnes
1048 1170 1106 1229 pro

170 1248 308 1329 peccatis
336 1247 514 1322 solvendas,
544 1263 615 1326 quae
642 1242 835 1324 paenitentiae
860 1246 1018 1308 canonicae
1044 1265 1108 1308 non

171 1347 262 1406 erant
282 1342 435 1422 subjecta,
452 1342 549 1404 multo
568 1341 674 1402 miuus
693 1342 734 1403 ad
753 1360 864 1420 poenas
882 1361 953 1422 quae
967 1361 1109 1423 sequun-

171 1445 222 1502 tur
235 1441 367 1519 peccata
379 1437 527 1512 venialia,
544 1453 614 1516 quae
630 1455 689 1498 nec
704 1455 831 1499 necesse
847 1441 894 1500 est
909 1438 1063 1501 confiteri.

487 1614 519 1656 De
525 1615 579 1670 jwe
588 1613 788 1670 indulgentiarum.

210 1732 290 1793 Vlll.
308 1731 463 1792 Caeterum
474 1728 526 1809 jus
536 1728 730 1790 concedendi
744 1729 967 1810 indulgentias,
979 1731 1021 1792 ad
1036 1732 1108 1795 illos

171 1827 307 1906 pertinet
320 1824 434 1904 quibus
447 1823 597 1903 competit
606 1822 660 1904 jus
674 1825 859 1888 moderandi
872 1826 1106 1906 poenitentiam,

171 1942 226 1984 seu
237 1923 290 2004 jus
303 1922 422 2001 ligandi
442 1925 473 1984 et
491 1921 675 1983 absolvendi
693 1922 727 1982 in
747 1922 898 1985 Ecclesia.
921 1924 1012 1984 Tales
1034 1931 1108 1989 sunt

171 2023 208 2082 R.
238 2022 272 2082 P.
304 2018 410 2099 quoad
437 2018 617 2081 universam
645 2017 829 2096 Ecclesiam,
859 2025 891 2081 et
917 2019 1107 2082 universitas

171 2115 391 2195 episcoporum
406 2134 478 2177 cum
493 2133 542 2193 eo,
558 2115 608 2176 vel
623 2113 738 2193 singuli
754 2115 892 2195 episcopi
907 2114 939 2175 in
953 2132 1011 2175 sua
1025 2114 1108 2177 dioe-

171 2213 244 2273 cesi.
262 2213 325 2275 Sed
340 2214 452 2273 eodem
463 2212 535 2290 jure
547 2228 609 2290 quo
621 2209 773 2287 processit
788 2211 957 2273 reservatio
973 2229 1106 2273 casuum

169 2327 227 2388 pro
248 2308 348 2385 culpae
368 2306 576 2383 absolutione,
591 2305 636 2367 ita
657 2309 688 2366 et
705 2307 876 2370 reservatio
895 2308 1106 2388 indulgentia-

170 2421 241 2464 rum
255 2420 311 2480 pro
327 2402 563 2469 condonatione¹
574 2402 689 2470 harum
707 2421 874 2481 poenarum
889 2422 958 2484 quae
973 2408 1107 2483 peccata

170 2503 424 2577 consequuntur,
449 2496 524 2559 licet
545 2481 649 2577 quoad
672 2498 813 2561 debitum
837 2499 936 2581 culpae
961 2499 1103 2563 dimissa.

170 2593 323 2657 Videlicet
336 2592 480 2672 superior
491 2594 662 2657 auctoritas
675 2594 707 2655 in
722 2596 833 2658 eodem
847 2614 963 2676 genere
977 2595 1105 2657 inferio-

169 2688 212 2747 ris
233 2686 427 2748 auctoritatis
447 2688 494 2747 est
513 2686 613 2749 limes.
637 2689 720 2769 Ergo
741 2688 851 2751 relicta
872 2692 919 2751 est
939 2692 976 2751 R.
1001 2690 1036 2750 P.
1053 2690 1105 2751 vel

169 2783 237 2846 aliis
251 2784 292 2846 ab
306 2801 342 2845 eo
357 2782 511 2863 delegatis
529 2781 662 2846 facultas
679 2784 871 2846 concedendi
891 2785 1105 2865 indulgentias

168 2882 324 2962 plenarias
347 2900 354 2943 :
378 2879 533 2960 episcopis
554 2878 737 2942 conceditur
752 2880 805 2961 jus
824 2881 1005 2943 conferendi
1021 2900 1105 2961 par·

62 2976 65 2980 ’
167 2975 256 3037 tiales
270 2974 492 3054 indulgentias,
505 2973 653 3036 videlieet
667 2975 759 3035 unius
769 2975 841 3036 anni
856 2975 888 3036 in
904 2976 1103 3038 dedicatione

166 3072 328 3144 Ecclesiae3
346 3071 378 3130 in
392 3070 514 3132 caeteris
527 3088 602 3133 vero
617 3072 811 3151 temporibus
822 3070 902 3153 (cap.
915 3089 969 3135 xrv
981 3072 1019 3134 de
1033 3075 1105 3135 Poe·

144 3192 147 3199 ·
166 3165 222 3225 nit.
239 3171 271 3226 et
285 3164 502 3227 Remissionih.
523 3166 664 3245 loquitur
686 3168 724 3227 de
744 3168 957 3230 anniversario
973 3168 1105 3230 dedica-

164 3255 268 3336 tionis)
284 3256 495 3337 quadraginta
509 3259 725 3331 dierum-Sed
739 3259 812 3339 jure
827 3261 971 3342 delegato
986 3279 1105 3324 conce·

164 3350 248 3412 ditur
262 3355 294 3413 et
307 3351 518 3415 cardinalibus
529 3360 560 3417 et
574 3355 731 3436 episcopis
742 3359 773 3418 et
787 3356 987 3419 inferioribus
1002 3357 1103 3421 etiam
1119 3350 1121 3353 ’

164 3446 284 3509 clericis
295 3449 453 3528 plenarias
466 3451 589 3512 etiama
605 3454 642 3513 R.
656 3454 690 3512 Ρ.
704 3451 914 3533 indulgentias
925 3454 1100 3533 impertiri.
