2442 4125
294 349 333 393 nn
354 339 482 395 ostncrc
502 349 585 395 runis
607 349 763 397 cssouvcr.
941 343 998 400 l'ltl

60 511 141 556 oum
169 510 290 553 summo
318 491 532 554 foecunditatis
555 497 586 556 et
609 493 766 556 felicitatis
793 497 917 559 effectu.
943 497 1000 558 llis

59 589 262 670 praehabitis‚
279 607 362 649 nunc
377 589 416 650 de
430 589 655 667 impedimento
670 593 745 653 voti.

105 686 268 766 Quidquid
278 687 318 748 sit
329 685 368 746 dc
382 686 574 766 quaestione:
592 705 633 748 an
646 687 752 750 valeat
764 687 999 751 matrimonium

62 785 267 857 contractum
288 800 361 842 cum
381 781 560 844 conditione
580 783 659 844 illud
679 801 842 864 nunquam
855 802 1003 846 consum·

61 879 189 954 mandi,
205 879 262 939 sed
277 878 423 939 servandi
446 884 632 958 perpetuam
652 881 877 944 continentiam
892 886 925 944 et
937 883 1001 943 vir·

62 977 244 1056 ginitotem,
261 981 383 1037 certum
396 982 443 1036 est
457 977 542 1056 quod
558 995 595 1036 cx
609 977 822 1056 matrimonio,
834 996 905 1040 cum
921 979 1002 1041 ordi-

63 1079 181 1134 natum
195 1089 234 1131 ex
248 1075 360 1133 natura
374 1074 413 1135 sit
426 1076 578 1153 tanquam
598 1075 739 1134 medium
752 1077 1001 1157 propagationis,

65 1167 276 1246 nascatorjus
287 1168 450 1248 utriusque
465 1168 609 1249 conjugis
619 1159 660 1230 ad
670 1171 817 1248 copulam
830 1173 1000 1249 carnalem,

65 1265 117 1326 cui
143 1264 316 1341 respondet
339 1269 449 1327 mutua
472 1264 621 1344 obligatio
642 1265 729 1325 illam
752 1268 916 1344 reddendi,
940 1287 1003 1348 quo

67 1363 125 1422 liat
148 1362 185 1420 ut
205 1361 312 1420 molier
333 1361 382 1420 sui
399 1361 528 1439 corporis
548 1379 606 1421 oon
627 1360 734 1422 tobect
752 1371 940 1441 potestatem,
956 1365 1007 1426 sed

67 1458 137 1533 oir;
152 1456 298 1518 similiter
311 1457 358 1516 vir
372 1475 428 1516 noo
442 1456 544 1517 tabeo!
557 1459 605 1518 soi
616 1459 745 1536 eorporis
760 1468 943 1538 potestatem,
956 1459 1007 1520 sed

68 1551 189 1610 soulier.

108 1647 197 1723 Ergo
213 1647 267 1724 qui
280 1650 389 1708 votum
405 1647 508 1709 emisit
526 1652 687 1727 perpetue
707 1648 858 1736 castitatis
872 1666 935 1710 non
949 1666 1007 1728 po-

69 1742 131 1801 test
147 1739 384 1799 matrimonium
399 1739 584 1800 contrahere
600 1739 667 1801 sine
681 1740 745 1802 voti
760 1743 809 1802 sui
821 1740 1002 1802 violatione.

70 1835 161 1898 Licet
175 1835 259 1894 enim
275 1838 380 1914 posset
392 1835 471 1895 illud
486 1835 643 1897 custodire
658 1854 696 1895 cx
711 1855 750 1896 ea
763 1841 852 1914 parte
867 1855 930 1915 qua
943 1853 1006 1896 non

71 1933 161 2008 petat
194 1928 351 2006 debitum,
375 1947 438 1990 non
469 1934 573 2008 potest
607 1931 713 1989 tamen
740 1929 806 1989 sine
838 1929 1008 1990 violatione

70 2025 193 2105 jurium
215 2025 342 2087 alterius
364 2024 505 2106 conjugis
527 2024 602 2085 illud
623 2040 749 2084 serrare
768 2042 831 2086 non
845 2023 1007 2085 reddendo

74 2122 228 2184 debitum.
250 2122 340 2183 Unde
359 2122 574 2185 concludimus
594 2120 679 2201 quod
699 2120 751 2180 ille
767 2120 819 2199 qui
834 2120 920 2183 vovit
942 2122 1008 2181 Deo

74 2222 253 2283 castitatem
267 2224 463 2298 perpetuam,
479 2218 714 2289 matrimonium
733 2218 919 2281 contrahere
933 2220 1009 2299 legi-

74 2318 151 2377 time
163 2314 225 2376 n'on
237 2319 348 2393 potest.
361 2316 498 2394 Excepto
513 2319 620 2376 tamen
635 2332 709 2375 casu
723 2315 914 2378 matrimonii
924 2316 1009 2396 quod

76 2412 130 2473 fiat
155 2415 265 2472 mutua
292 2412 497 2473 conventione
525 2429 583 2471 nec
612 2411 755 2489 petendi,
777 2430 834 2474 nec
854 2412 1009 2473 reddendi

78 2508 238 2572 debitum,
261 2507 311 2567 vel
334 2507 484 2585 peculiari
508 2508 564 2568 Dei
587 2508 778 2570 revelatione
806 2528 876 2589 quae
907 2512 1010 2568 certos

80 2600 191 2662 reddat
213 2584 296 2680 quod
319 2600 437 2679 petitio,
453 2600 504 2661 vel
518 2600 653 2662 redditio
668 2600 764 2662 debiti
787 2617 950 2678 nunquam
963 2617 1010 2657 se-

81 2702 205 2775 quatur.

120 2792 183 2855 Sed
200 2793 326 2853 haeclcx
337 2812 406 2873 quae
416 2793 563 2873 prohihet
579 2792 763 2854 voventibus
776 2788 1012 2853 matrimonium

83 2896 128 2950 est
142 2909 182 2951 ne
195 2891 245 2951 lex
261 2910 346 2951 merc
360 2890 527 2970 prohibens,
544 2908 585 2950 an
600 2890 695 2952 etiam
710 2887 852 2949 irritans?

120 2988 252 3047 Diversa
274 2987 435 3063 responsio
461 2991 508 3046 est
530 3002 587 3064 pro
611 2984 764 3045 varietate
786 2979 1014 3062 principiorum

84 3082 165 3142 unde
181 3083 313 3161 quaestic
329 3082 479 3143 solvenda
493 3083 541 3143 sit.

124 3182 155 3239 l⁰
170 3180 202 3241 Si
227 3180 357 3258 quaestic
377 3177 556 3238 delinienda
574 3179 658 3237 esset
679 3193 767 3236 mero
785 3175 857 3254 jure
880 3174 1014 3235 naturali

86 3272 238 3353 inspecto,
261 3274 449 3335 deberemus
470 3274 574 3333 dicere
597 3271 681 3352 quod
703 3272 752 3331 lex
777 3290 847 3350 quae
871 3271 1018 3351 prohibet

88 3370 272 3431 voventibus
296 3370 540 3447 matrimonium,
566 3387 652 3430 mere
679 3368 850 3447 prohibens
874 3369 928 3444 sit,
955 3383 1018 3426 non

89 3462 223 3525 irritans,

129 3558 205 3617 Nom
222 3559 335 3635 primo,
347 3556 564 3636 utapraeludio
581 3556 775 3632 dicebamus,
786 3558 835 3615 lex
851 3553 1022 3631 prohibens
