2442 4125
201 270 240 331 ld
409 279 638 329 1nsr1rurrorss
659 278 742 325 roms
763 277 919 325 emensos.

199 430 237 492 iis
257 425 382 492 verbis:
399 428 455 503 lte,
473 426 568 489 Missa
590 430 740 502 estuans
763 423 900 488 obtinuit
917 426 954 486 ut
970 425 1039 486 tote
1060 422 1127 487 hac
1191 463 1192 468 κ

198 541 290 588 saera
304 524 491 587 ceremonia
505 524 596 586 Missa
611 522 743 584 dicetur.
873 558 876 563 -

240 623 422 695 Quaeremus
432 639 507 701 ergo
521 622 621 683 :-·l⁰
631 621 676 681 De
686 619 780 681 variis
790 618 956 681 Missurum
963 617 1128 697 speciebus

199 719 409 781 ecclesiastica
437 716 602 797 disciplina
631 717 765 795 receptis
788 716 839 777 vel
860 716 1065 795 improbatis;
1090 748 1128 761 -

198 820 230 880 2⁰
244 819 289 879 De
309 816 377 878 loco
401 813 675 893 attemperatum
690 817 722 876 et
736 812 825 892 hora)
850 830 913 894 quo
937 811 1127 874 celebrande

198 916 260 987 est;
272 948 313 959 -
321 915 352 973 3θ
363 914 407 974 lie
417 910 544 991 liturgia
554 928 610 972 seu
620 910 682 972 ritu
694 910 808 984 Missae3
821 944 862 956 -
870 915 902 970 4⁰
912 910 957 970 De
967 912 1126 989 praecepto

198 1022 260 1084 quo
282 1002 461 1064 sacerdotes
475 1003 516 1064 ad
530 1001 764 1079 celebrandum,
781 1002 915 1082 populus
936 1002 977 1063 ad
995 1002 1127 1063 audien-

198 1099 274 1161 dum
289 1116 413 1161 sacrum
426 1101 583 1161 tenentur.

237 1195 332 1258 Plura
345 1198 378 1258 ot
390 1195 453 1257 elia
473 1198 577 1258 essent
590 1193 631 1255 de
645 1192 827 1274 hujusmodi
839 1211 875 1254 re
889 1192 1064 1273 quaerenda
1078 1212 1085 1255 ε
1102 1194 1127 1254 si

197 1288 267 1368 quis
281 1306 319 1349 ea
333 1287 500 1364 desideret,
518 1287 615 1349 habet
628 1290 768 1367 segetem
781 1286 996 1365 plenissimam
1013 1286 1082 1348 sive
1096 1288 1126 1347 io

197 1383 344 1463 operibus
368 1382 520 1444 omuibus·
536 1383 575 1444 de
596 1383 691 1444 rebus
714 1382 876 1462 liturgicis,
892 1376 958 1444 'sive
977 1385 1010 1443 et
1027 1383 1126 1444 multo

195 1482 296 1560 magis
319 1480 351 1542 iu
373 1497 468 1560 opere
491 1478 610 1541 Bened.
627 1480 697 1542 XIV
716 1479 756 1539 de
777 1479 880 1541 unsa
903 1478 1071 1540 sacrificio.
1089 1510 1127 1523 -

196 1578 240 1638 De
263 1578 301 1639 iis
319 1594 390 1656 quae
412 1576 569 1654 pertinent
592 1573 634 1636 ad
656 1574 846 1653 stipendium
866 1574 968 1664 Missae
990 1574 1043 1636 hic
1065 1592 1125 1637 non
1195 1583 1196 1586 ’

195 1687 306 1749 agam:
324 1670 364 1730 de
384 1670 423 1730 iis
443 1669 527 1728 enim
547 1686 651 1731 sermo
674 1668 799 1744 redibit,
816 1669 943 1748 quando
967 1667 1007 1729 de
1031 1670 1126 1731 rebus

194 1763 408 1825 materialibus
423 1780 479 1824 seu
492 1762 718 1841 temporalibus
732 1764 879 1826 Ecclesiae
893 1765 1017 1844 loquar,
1035 1766 1125 1845 spiri-

192 1857 326 1920 tualium
339 1855 546 1919 adminiculis.

495 1984 515 2029 l.
529 1985 560 2039 De
572 1986 687 2031 illosarum
701 1988 821 2042 speciebus.

232 2073 285 2135 IV.
303 2072 485 2146 ordinarius
506 2071 619 2134 modus
639 2073 750 2133 missas
770 2071 951 2134 celebrandi
970 2072 1004 2132 in
1024 2075 1124 2135 veteri

192 2168 338 2230 Ecclesia
354 2168 517 2248 disciplina
531 2169 657 2231 videtur
669 2169 764 2230 fuisse
783 2171 818 2230 ut
831 2169 869 2230 ad
885 2168 969 2229 illius
982 2169 1124 2230 celebra·

191 2263 309 2324 tionem
328 2263 491 2323 universus
513 2264 614 2325 clerus
629 2267 661 2327 et
674 2265 809 2345 populus
827 2283 891 2325 una
904 2282 976 2324 cum
996 2267 1122 2341 pastore
1198 2282 1199 2337 l

191 2373 248 2418 suo
264 2357 305 2416 ad
319 2373 389 2417 earn
411 2359 609 2421 conveniret:
627 2360 712 2420 unde
733 2360 901 2422 celebratio
923 2359 1122 2421 eucharistie
1198 2364 1199 2369 ’

191 2453 317 2530 synaxis
332 2469 386 2512 seu
401 2453 531 2514 collecta
550 2454 634 2518 dictu
648 2463 706 2517 est.
722 2455 953 2516 Exordiebatur
970 2472 1122 2517 caeremo·

190 2548 243 2612 oia
256 2548 516 2610 sacraaleetione
530 2554 713 2613 sanctarum
726 2551 914 2629 scriptoram
924 2555 956 2612 et
968 2552 1122 2612 concione

190 2642 357 2720 episcopi:
383 2642 455 2703 dein
483 2644 619 2723 populus
645 2645 747 2705 fidelis
770 2645 923 2706 offerebat
948 2662 1065 2722 panem
1091 2645 1123 2704 et

188 2737 297 2799 vinum
312 2757 350 2798 ex
365 2756 499 2818 quorum
514 2740 672 2801 oblatione
694 2741 809 2819 partim
823 2740 987 2816 sacrificio,
1003 2741 1120 2819 partim

188 2835 307 2897 clericis
331 2841 364 2896 et
385 2836 578 2915 pauperibus
601 2836 723 2898 alendis
744 2838 985 2899 inserviebatur.
1007 2840 1121 2900 Postea

187 2932 411 2993 conficiebatur
432 2931 636 3003 eucharistia;
654 2931 782 2993 demum
791 2932 937 2994 fidelibus
952 2933 1119 2995 distribue·

185 3028 280 3090 batur
292 3027 512 3105 presentibus,
525 3028 606 3088 etad
621 3029 767 3090 absentes
780 3045 837 3109 per
852 3029 1002 3091 diaconos
1015 3031 1119 3090 mitte·

184 3124 288 3184 batur.
306 3122 442 3201 Populus
465 3124 593 3202 quidem
613 3125 770 3201 adstabat,
786 3120 945 3202 audiebat,
962 3125 1119 3186 offerebat

184 3236 299 3296 panem
310 3220 345 3278 et
359 3217 478 3294 vinum,
494 3221 756 3282 communicabat.
774 3222 912 3284 Clericus
925 3239 1001 3284 vero
1017 3239 1118 3282 uuus·

184 3313 316 3391 quisque
331 3330 388 3390 pro
403 3311 512 3375 ordine
527 3333 583 3376 suo
598 3316 806 3394 ministrabat,
819 3317 1039 3397 etpresbyteri
1053 3333 1117 3375 una

183 3425 255 3468 cum
269 3408 416 3489 episeopo
431 3410 481 3471 vol
496 3410 659 3472 sacerdote
674 3430 764 3473 sacra
777 3411 910 3475 faciente
925 3413 1113 3488 offerebant,

182 3506 419 3582 consecrabant,
435 3506 724 3584 communicabant.
