2442 4125
300 418 338 464 on
359 417 488 464 omroro
508 416 591 462 rums
613 416 768 464 canosrcr.
960 408 999 467 37

62 560 240 644 presbyteri
256 560 310 639 qni
324 560 453 639 speciali
467 559 604 639 quodam
620 558 715 622 modo
734 558 775 621 ab
788 560 1001 627 ecclesiastica

64 655 253 717 auctoritate
268 659 373 718 essent
386 655 426 717 ad
441 655 473 715 id
489 654 639 733 deputati.

104 750 189 828 Ergo
205 748 372 829 presbyter
384 750 574 811 confirmans
596 751 722 809 exercet
741 752 930 829 potestatem
949 770 1002 815 or·

65 842 172 907 dinis?
185 860 266 917 non;
291 845 365 923 quia
386 863 448 907 non
470 843 566 905 habet
587 860 646 905 nec
665 844 855 922 completam
875 862 934 906 nec
953 846 1005 906 in·

66 944 204 1018 caeptam
218 939 249 1000 vi
264 939 467 1002 ordinationis
483 939 719 1020 presbyteralis,
735 956 806 1020 quae
816 938 858 999 ad
868 940 1002 1003 hocnon

68 1036 246 1108 ordinatum
264 1052 327 1095 non
351 1034 448 1097 habet
465 1035 497 1096 vi
516 1032 732 1113 delegationis,
755 1051 813 1113 per
834 1051 930 1115 qnam
947 1054 1003 1115 po·

67 1134 166 1193 testas
181 1130 299 1191 ordinis
312 1148 375 1191 non
391 1131 494 1192 datur.
512 1128 574 1191 Sed
589 1129 687 1191 habel
704 1130 736 1191 vi
756 1129 874 1191 ordinis
892 1130 1003 1193 habili·

66 1231 168 1289 tatem
189 1226 229 1287 ad
253 1226 466 1306 recipiendam
487 1225 719 1305 delegationem
736 1242 795 1305 per
814 1243 910 1306 quam
931 1244 1004 1289 con·

68 1324 210 1386 stituitur
223 1323 488 1385 extraordinarius
498 1323 641 1383 minister
650 1322 912 1403 Confirmationis,
924 1326 1004 1389 sicut

71 1419 206 1499 quilibet
224 1419 318 1479 homo
337 1420 403 1479 sine
424 1420 579 1499 potestate
599 1416 717 1478 ordinis
737 1423 769 1480 et
789 1418 856 1479 sine
876 1420 1005 1503 delega-

67 1517 155 1578 tione
171 1519 219 1576 est
232 1515 375 1577 minister
388 1512 654 1575 extraordinarius
667 1512 875 1595 baptismatis.

108 1612 163 1672 lv.
187 1612 220 1670 2⁰
236 1610 338 1681 Quare
357 1611 425 1672 haec
444 1609 601 1688 delegatio
619 1610 655 1671 fit
673 1609 714 1670 ab
733 1627 796 1671 uno
817 1610 849 1672 S.
871 1610 920 1687 P.,
941 1626 1004 1673 non

68 1710 179 1769 eutem
194 1704 324 1784 quilibet
345 1706 510 1784 episcopus
529 1705 666 1785 delegat,
688 1705 743 1786 qui
761 1709 809 1767 cst
828 1704 1005 1769 ordinarius

68 1799 164 1881 hujus
179 1801 369 1862 sacramenti
387 1800 590 1863 administer?
607 1834 650 1849 -
670 1803 708 1863 R.
732 1802 811 1874 Quia
832 1800 901 1863 haec
921 1802 1004 1864 dele·

68 1896 156 1976 gotio
173 1911 236 1954 non
255 1895 430 1975 concipitur
448 1899 601 1974 tanquam
621 1894 791 1957 transfusio
812 1895 1005 1957 auctoritatis

68 1992 102 2052 in
116 1991 258 2071 aliquem
272 1995 307 2053 nt
318 1990 385 2072 ipse
400 1990 495 2052 iaciat
508 1990 636 2051 nomine
650 1992 778 2053 alterius
793 1993 878 2074 quod
897 1992 1006 2073 nequit

70 2088 200 2150 nomine
214 2105 282 2149 suo.
300 2089 440 2151 Potestas
455 2087 540 2147 enim
558 2087 676 2148 ordinis
695 2106 757 2149 non
776 2087 1007 2150 transfunditur

71 2183 283 2262 delegatione,
305 2185 362 2246 sed
384 2184 592 2246 ordinatione.
619 2184 682 2245 Sed
705 2182 881 2264 concipitur
902 2182 1006 2265 potius

71 2286 226 2361 tanquam
246 2297 336 2342 mera
355 2281 515 2362 deputatio
537 2299 681 2360 personas
702 2299 774 2364 quae
796 2282 864 2343 sine
887 2281 1006 2344 ordinis

72 2379 228 2457 potestate
241 2376 275 2436 id
290 2375 384 2440 faciat
397 2377 645 2439 extraordinarie
663 2378 706 2441 ad
723 2379 809 2460 quod
827 2377 1007 2441 ludendum

72 2471 232 2535 ordinarie
246 2473 424 2554 requiretur
439 2473 516 2535 ordo
531 2475 728 2555 episcopalis.

114 2569 179 2633 Sed
194 2569 347 2650 quidquid
361 2571 401 2632 sit
414 2571 453 2632 de
468 2571 528 2634 hac
540 2573 711 2652 questione
724 2593 732 2635 :
743 2571 856 2654 autjus
866 2572 1007 2635 divinum

74 2669 135 2728 hoc
149 2668 325 2730 reservavit
346 2685 501 2748 supremae
521 2670 699 2733 auctoritati
721 2670 950 2746 ecclesiasticas,
976 2671 1009 2729 at

75 2769 151 2828 tunc
179 2761 265 2823 nulla
287 2763 470 2841 difficultes3
496 2765 546 2828 vel
570 2765 597 2827 si
615 2766 668 2846 jus
692 2765 833 2829 divium
856 2761 1009 2826 concessit

77 2861 242 2941 episcopis,
260 2865 291 2923 et
305 2880 404 2942 quum
418 2867 556 2944 potestas
570 2863 738 2942 delegandi
748 2880 811 2923 non
821 2861 1009 2939 sitpotestas

78 2958 207 3034 ordinis,
225 2975 295 3038 quae
317 2959 444 3021 limitari
457 2977 519 3020 non
541 2963 655 3038 potest,
677 2958 733 3018 sed
754 2958 892 3036 potestas
912 2953 1010 3016 luris·

79 3053 222 3116 dictionis
238 3069 307 3131 qnae
328 3057 412 3115 certe
430 3052 502 3133 jure
522 3041 731 3116 ecclesiastico
749 3053 853 3131 potest
869 3049 1008 3129 limitari,

79 3155 152 3213 tunc
176 3153 315 3228 potestas
339 3169 377 3212 ex
399 3151 469 3232 ipsa
492 3152 624 3215 ecclesia
650 3153 812 3212 reservata
834 3154 892 3211 est.
916 3149 1011 3211 Aliud

81 3249 163 3310 enim
187 3250 235 3308 est
258 3266 399 3328 quaerere
428 3267 469 3311 an
497 3249 694 3329 delegatione
717 3249 778 3311 hac
799 3247 892 3311 detur
913 3247 1013 3310 luris·

83 3349 186 3427 dictio,
197 3347 282 3409 alind
294 3371 334 3413 an
343 3349 400 3411 fiat
410 3369 446 3412 ex
454 3350 784 3434 jurisdictione.Sitex
789 3349 1010 3430 juridictione:

32 3451 34 3530 ᾗ
85 3463 142 3509 non
157 3450 278 3508 temere
293 3449 462 3511 mandatur
472 3445 661 3529 jurisdictio,
677 3446 913 3509 necmandatnr
923 3448 1012 3526 ordo,

34 3593 37 3636 q
87 3546 136 3606 ted
151 3550 277 3608 tantum
298 3547 495 3612 constituitur
513 3547 655 3611 minister
674 3547 941 3610 extraordinarius
962 3542 1016 3626 qni

35 3653 37 3668 ¹
166 3649 171 3656 ’
190 3675 255 3716 ron.
275 3678 306 3718 11.
895 3667 910 3718 ³
