2442 4125
196 386 237 445 94
408 392 638 439 rusurrurrorms
658 390 741 437 rums
763 389 918 438 cruorum.

198 541 268 622 quis
290 541 380 619 gerat
402 537 723 614 administrationem,
743 539 850 599 tamen
874 537 906 598 in
926 535 1048 617 judicio
1072 538 1147 619 jam

197 634 486 699 conventusestob
501 634 619 695 dolum.
951 688 956 697 .

236 731 379 793 Libertas
397 730 509 792 isthac
529 729 696 809 eonjoparis
716 730 805 792 deest
825 730 865 791 ob
880 729 1037 810 speciales
1059 730 1148 804 obli-

197 829 340 909 gationes
361 828 475 907 quibus
496 826 538 887 ad
560 844 674 887 uxores
694 828 857 904 tenentur,
874 845 913 886 no
934 826 1003 886 sine
1027 844 1147 887 earum

198 943 353 987 consensu
365 923 499 985 maritus
514 922 601 983 illum
617 924 732 985 statum
746 921 967 1001 amplectatur,
985 922 1045 1001 qui
1067 939 1146 983 cum

197 1020 336 1101 conjugii
350 1019 500 1080 oneribus
510 1022 557 1079 est
566 1016 820 1095 incompatibilis,
833 1016 1033 1097 proindeque
1049 1018 1145 1079 indu·

198 1121 249 1177 cet
269 1114 507 1178 dissolutionem
528 1113 719 1175 matrimonii
739 1114 844 1193 quoad
859 1111 1100 1174 habitationem
1115 1118 1144 1174 et

197 1212 335 1272 thorum.
348 1212 395 1271 llr
408 1210 472 1271 alia
484 1227 559 1272 vero
574 1214 664 1289 parta
679 1228 718 1269 ne
733 1209 825 1270 isthic
839 1226 1015 1270 cousensus
1031 1208 1142 1270 uxoris

197 1306 346 1368 scandalo
367 1324 497 1367 causam
518 1306 594 1367 dare
616 1310 732 1383 posset,
749 1304 917 1367 voluerunt
938 1322 1086 1365 canones
1109 1310 1141 1364 ut

197 1403 317 1480 etipsa,
327 1401 353 1461 si
364 1401 566 1478 consentiret,
579 1401 710 1463 deberet
723 1401 932 1480 approbatam
945 1400 1138 1482 religionem

197 1497 358 1578 profiteri,
387 1497 438 1558 vel
468 1496 620 1559 castitatis
648 1502 800 1577 perpetuo
828 1496 993 1559 servanda
1024 1504 1135 1560 votum

198 1596 352 1673 emittere,
369 1594 566 1674 approbante
580 1593 740 1672 episcopo.

237 1690 379 1751 Libertas
393 1690 462 1751 haec
472 1689 566 1750 simili
580 1689 719 1768 quodam
733 1689 827 1751 modo
842 1689 932 1751 deest
942 1691 974 1749 et
984 1688 1134 1749 monachis

198 1787 253 1866 qui
266 1784 419 1846 voluntati
441 1784 612 1863 superioris
631 1789 705 1847 suut
722 1785 860 1862 obnoxii,
876 1784 935 1846 nisi
959 1785 1132 1864 superioris

196 1899 368 1943 consensus
381 1881 527 1942 accedat.
543 1882 618 1942 llaec
632 1880 846 1963 irregularitas
860 1882 1002 1943 nascitur
1016 1898 1082 1942 non
1096 1899 1131 1941 ex
1213 1940 1214 1943 ,

196 1977 488 2057 incompatibilitata
512 1983 612 2039 status
636 1978 787 2040 clericalis
811 1982 842 2041 et
863 1977 1049 2057 monastici,
1075 1978 1128 2039 sed

195 2075 299 2154 potius
313 2093 353 2136 ex
366 2074 530 2155 utriusque
543 2073 706 2134 relatione.

236 2173 340 2234 Famae
362 2171 458 2233 etiam
476 2171 618 2232 delectus
637 2167 902 2248 irregularitatem
922 2167 1015 2244 lecit,
1033 2167 1060 2228 si
1080 2166 1127 2229 vel
1212 2201 1213 2212 κ

195 2267 235 2328 ab
254 2269 340 2328 omni
359 2268 488 2329 crimine
503 2271 535 2330 et
549 2267 663 2329 delicto
681 2265 828 2327 immunis
848 2284 910 2326 non
925 2265 966 2326 sit
979 2265 1128 2326 ordinan-

196 2361 265 2422 dus.
278 2365 352 2423 llaeo
360 2363 600 2440 irregularitatis
609 2365 730 2443 species
741 2361 766 2424 si
777 2381 797 2424 a
808 2362 999 2442 specialibus
1008 2362 1127 2442 irregu-

195 2455 329 2518 laritatis
352 2475 422 2537 quae
445 2458 545 2519 oritur
563 2478 602 2520 ex
621 2459 752 2537 delictis,
770 2477 840 2539 quae
864 2457 1030 2520 infamiam
1052 2457 1126 2518 irro-

195 2556 287 2632 gant,
303 2560 496 2631 secernatur,
519 2555 665 2635 restringi
687 2554 920 2635 quodammodo
941 2554 1068 2615 videtur
1087 2553 1125 2614 ad

195 2650 349 2729 quasdam
372 2651 582 2729 professiones
603 2669 673 2730 quae
695 2651 828 2712 infames
852 2651 1011 2728 dicuntur,
1028 2651 1125 2730 qualis
1210 2687 1211 2749 ἒ

194 2751 242 2808 est
260 2765 311 2809 ars
332 2746 502 2822 carnificis3
520 2747 576 2808 sod
595 2747 664 2808 haec
686 2746 963 2825 comprehenditur
979 2747 1048 2827 jam
1068 2745 1123 2806 sub

192 2843 426 2923 irregularitate
444 2861 484 2902 ex
502 2842 627 2903 defectu
648 2844 807 2906 leuitatis:
830 2860 906 2923 orgo
927 2841 1123 2922 restringitur

193 2943 235 3002 ad
250 2943 368 3022 eosqui
382 2941 537 3003 ludicram
550 2942 601 3002 vel
612 2941 764 3002 comicum
778 2945 877 3003 artem
893 2945 1042 3003 exercent
1054 2959 1119 3002 cau.

193 3040 224 3113 2,
240 3038 312 3098 dist.
329 3041 378 3100 33.
396 3041 516 3100 Horum
528 3037 655 3098 vivendi
671 3036 808 3100 conditio
823 3036 948 3098 videtur
968 3036 1121 3100 contraria

193 3131 311 3208 decori,
327 3135 474 3211 gravitati
488 3150 655 3194 munerum
670 3132 965 3194 ecclesiastieorum.

232 3227 285 3288 lv.
302 3226 468 3307 Principia.
483 3264 525 3276 -
539 3233 570 3290 l⁰
580 3228 630 3289 Nil
645 3231 772 3290 excusat
786 3227 826 3288 ab
840 3227 1071 3308 irregularitate
1085 3245 1119 3289 ex
1166 3309 1173 3318 ι
1208 3205 1209 3223 ¹

192 3320 333 3394 defectu;
350 3322 406 3382 sed
421 3323 540 3402 aliquid
554 3327 658 3404 potest
672 3341 822 3413 excusare
837 3324 878 3385 ab
891 3315 1118 3404 irregularitate

193 3437 231 3478 ex
246 3418 379 3479 delicto:
396 3419 448 3480 hic
462 3421 557 3497 enim,
573 3438 637 3484 non
652 3421 725 3500 illic,
743 3421 915 3483 attenditur
929 3422 1035 3498 culpa.

232 3518 264 3574 2⁰
278 3516 314 3575 ln
328 3514 559 3594 irregularitate
568 3533 607 3575 ax
623 3517 747 3581 delectu
761 3517 930 3596 abquaudo
946 3519 1117 3580 necessaria
