2442 4125
357 326 396 370 DE
417 323 545 371 octncro
566 325 650 370 tants
670 324 827 371 canonici.
999 314 1056 372 ΞΗ

128 470 318 551 quitantur:
337 470 368 528 1⁰
382 475 418 529 ut
431 468 471 529 sit
488 468 663 529 seeundum
682 468 769 548 legas
787 469 951 543 incussus;
972 471 1061 534 vide-

127 568 202 629 licet
215 571 251 626 ut
273 566 324 626 ille
348 565 397 625 aui
421 564 571 625 incutitur
594 564 765 628 satisfaciat
787 584 851 627 suae
877 566 1060 647 obligationi

130 665 181 725 cui
195 682 232 724 ex
246 662 324 742 legis
338 662 520 739 praeseripto
534 664 680 737 tenetur,
698 662 738 721 ab
753 680 790 723 eo
805 663 858 743 qai
878 664 995 726 habeat
1007 683 1061 743 po-

129 762 276 821 testatem
289 756 472 832 incutiendi,
490 762 524 818 ut
538 776 585 818 ex.
602 776 650 837 gr.
664 756 772 835 judex.

171 856 228 915 Hie
242 855 337 916 timor
350 872 413 915 nan
427 852 542 929 irritat,
558 870 622 914 non
636 871 726 913 secus
749 872 787 914 aa
806 853 858 914 ille
880 854 933 932 qui
953 854 994 915 ab
1017 854 1062 914 in·

130 949 267 1011 trinseco
283 953 340 1011 est.
364 949 502 1021 Quodsi
526 950 642 1027 gravis,
669 952 827 1026 externus,
851 948 986 1029 injustus
1009 949 1059 1025 sit,

131 1045 367 1107 matrimonium
382 1044 509 1106 dirimit.
905 1035 908 1041 ’

173 1142 321 1203 Nonnulli
341 1140 436 1203 etiam
456 1142 665 1203 communiter
682 1140 792 1202 volunt
810 1145 845 1203 ut
862 1142 902 1203 sit
920 1141 1063 1203 incussus

133 1256 230 1299 causa
244 1238 373 1299 ineundi
387 1238 622 1304 matrimonium
639 1258 646 1298 :
663 1255 711 1297 ex.
733 1256 781 1316 gr.
808 1238 841 1299 Si
861 1237 986 1299 debitor
1006 1257 1064 1298 nu-

133 1335 189 1397 bat
201 1334 272 1395 filiae
288 1334 451 1395 creditoris
475 1334 542 1393 sine
565 1334 650 1411 date,
677 1340 711 1395 ut
734 1353 894 1396 carcerem
916 1336 1062 1411 redimat,

132 1426 222 1508 eujus
235 1428 330 1489 timor
344 1428 446 1487 illatus
461 1431 509 1488 est
523 1432 558 1486 ut
571 1427 691 1500 solvat3
713 1429 740 1487 si
754 1426 823 1507 quis
838 1428 996 1504 obsessus,
1014 1446 1065 1488 cx-

133 1523 346 1603 pugnationis‚
363 1522 500 1583 incendii
514 1522 764 1583 metusnuberet
781 1524 853 1583 filiae
874 1522 1066 1583 obsidentis?

136 1618 199 1681 Sed
214 1618 268 1677 alii
282 1616 391 1678 dicunt
407 1617 562 1678 rationem
580 1617 796 1695 impedimenti
816 1635 884 1677 esse
901 1617 933 1677 in
952 1618 1067 1676 immu-

135 1714 253 1775 nitione
267 1712 420 1773 libertatis
434 1713 548 1793 injuste
563 1713 660 1789 illata,
684 1731 755 1792 quae
773 1712 892 1791 pariter
908 1712 1067 1775 invenitur

135 1805 167 1864 in
183 1803 324 1883 quolibet
336 1804 449 1866 timore
464 1804 564 1883 gravi,
582 1802 697 1883 injuste
711 1804 847 1865 incussa.

177 1899 319 1961 Gravitas
342 1898 464 1961 timoris
488 1897 662 1959 aestimatur
692 1918 712 1959 a
731 1899 858 1980 judice,
893 1901 1067 1979 prospectis

137 1994 282 2056 omnibus
297 1993 464 2074 adjunctis.

176 2093 256 2152 Tota
269 2091 349 2152 ratio
368 2088 584 2169 impedimenti
605 2092 654 2150 est
671 2105 728 2167 pro
747 2089 879 2150 tutando
895 2090 968 2169 jure
986 2089 1070 2152 illias

138 2187 191 2267 qui
205 2185 319 2266 injuste
333 2185 461 2246 territus
476 2191 533 2261 est,
551 2189 582 2247 et
596 2203 654 2264 pro
668 2184 784 2266 injuria
793 2186 984 2248 vindicanda
998 2206 1069 2267 quae

137 2283 181 2344 illi
195 2283 283 2343 illata
297 2285 363 2357 est;
381 2282 512 2360 proinde
533 2280 767 2359 dispensatione
787 2290 898 2344 eontra
915 2283 967 2364 jus
986 2286 1071 2348 tertii

14 2460 19 2468 Ι
138 2382 169 2440 et
183 2379 214 2438 in
229 2378 347 2438 bonum
362 2377 482 2443 fraudis
496 2380 527 2438 et
540 2377 676 2456 injuria,
693 2397 756 2440 non
772 2380 923 2455 solvitur3
941 2382 997 2442 sed
1017 2381 1069 2461 qui

138 2474 252 2535 timens
267 2473 432 2550 contraxit,
448 2478 552 2552 potest
565 2473 683 2536 factum
702 2476 939 2537 matrimonium
954 2494 1071 2537 conva-

139 2567 250 2644 lidare‚
267 2568 365 2630 libere
382 2572 413 2630 et
426 2572 536 2647 sponte
552 2569 761 2631 ratihabendo
776 2571 860 2649 quod
874 2571 993 2630 factum
1007 2576 1069 2646 est,
1126 2613 1133 2625 .

142 2671 171 2728 l⁰
186 2687 242 2746 per
256 2669 401 2749 copulam
416 2667 574 2747 conjugali
589 2669 703 2729 affectu
719 2672 751 2728 et
767 2685 840 2728 eum
858 2668 1071 2728 seientia'nul-

139 2762 245 2838 litatis,
261 2766 293 2823 2⁰
308 2781 364 2840 per
378 2762 560 2822 diuturnam
575 2764 606 2821 et
620 2765 827 2838 spontaneam
845 2759 1072 2820 habitationem

141 2877 213 2920 cum
228 2859 369 2934 seientia,
386 2861 445 2919 eta.
717 2920 719 2922 ,

181 2954 258 3013 XLl.
279 2957 310 3013 2⁰
332 2951 445 3032 Raptus
466 2951 581 3013 dicitur
603 2971 609 3011 :
639 2950 766 3013 Violeata
787 2949 918 3010 mulieris
938 2948 1073 3010 abductio

141 3047 178 3108 de
191 3048 250 3108 loeo
264 3049 295 3108 ia
309 3048 402 3108 locam
416 3049 599 3110 matrimonii
612 3045 803 3107 contrahendi
814 3065 913 3106 caasa.

187 3143 327 3218 Violeuta,
348 3151 383 3204 ut
403 3145 615 3224 distinguatur
636 3162 654 3204 a
675 3142 856 3203 seductione
879 3161 942 3223 qua
961 3143 1075 3203 mulier

141 3239 350 3316 suasionibus,
380 3246 412 3301 et
434 3239 594 3301 blanditiis
617 3239 667 3301 vel
691 3238 759 3298 aliis
782 3239 883 3300 modis
898 3241 1076 3301 consentiat

144 3334 253 3414 fugere
268 3351 340 3396 aum
355 3336 423 3397 viro
437 3336 520 3396 lares
535 3352 619 3396 suos.

181 3429 329 3492 Abductio
350 3431 384 3493 de
407 3431 468 3492 loro
491 3431 522 3491 ia
546 3430 660 3505 locam‚·
685 3430 803 3492 furtum
828 3430 911 3491 enim
935 3430 1075 3492 mulieris

145 3529 201 3588 est.
