<?xml version="1.0" encoding="UTF-8"?>
<!DOCTYPE html PUBLIC "-//W3C//DTD XHTML 1.0 Transitional//EN"
    "http://www.w3.org/TR/xhtml1/DTD/xhtml1-transitional.dtd">
<html xmlns="http://www.w3.org/1999/xhtml" xml:lang="en" lang="en">
 <head>
  <title>
</title>
<meta http-equiv="Content-Type" content="text/html;charset=utf-8" />
  <meta name='ocr-system' content='tesseract 3.04.00' />
  <meta name='ocr-capabilities' content='ocr_page ocr_carea ocr_par ocr_line ocrx_word'/>
</head>
<body>
  <div class='ocr_page' id='page_1' title='image "./institutionesju04marigoog_0095.png"; bbox 0 0 2442 4125; ppageno 0'>
   <div class='ocr_carea' id='block_1_1' title="bbox 380 251 1077 310">
    <p class='ocr_par' dir='ltr' id='par_1_1' title="bbox 380 251 1077 310">
     <span class='ocr_line' id='line_1_1' title="bbox 380 251 1077 310; baseline 0.006 -5"><span class='ocrx_word' id='word_1_1' title='bbox 380 262 420 305; x_wconf 85' lang='lat' dir='ltr'>nn</span> <span class='ocrx_word' id='word_1_2' title='bbox 440 260 569 307; x_wconf 78' lang='lat' dir='ltr'>cornero</span> <span class='ocrx_word' id='word_1_3' title='bbox 589 260 671 306; x_wconf 76' lang='lat' dir='ltr'>runis</span> <span class='ocrx_word' id='word_1_4' title='bbox 694 260 848 307; x_wconf 73' lang='lat' dir='ltr'>cruorum.</span> <span class='ocrx_word' id='word_1_5' title='bbox 1039 251 1077 310; x_wconf 86' lang='lat'>85</span> 
     </span>
    </p>
   </div>
   <div class='ocr_carea' id='block_1_2' title="bbox 512 433 709 485">
    <p class='ocr_par' dir='ltr' id='par_1_2' title="bbox 512 433 709 485">
     <span class='ocr_line' id='line_1_2' title="bbox 512 433 709 485; baseline 0.015 -3"><span class='ocrx_word' id='word_1_6' title='bbox 512 433 660 485; x_wconf 70' lang='lat' dir='ltr'>cerunt.</span> <span class='ocrx_word' id='word_1_7' title='bbox 678 433 709 485; x_wconf 82' lang='lat' dir='ltr'>V.</span> 
     </span>
    </p>
   </div>
   <div class='ocr_carea' id='block_1_3' title="bbox 434 548 793 621">
    <p class='ocr_par' dir='ltr' id='par_1_3' title="bbox 434 548 793 621">
     <span class='ocr_line' id='line_1_3' title="bbox 434 548 793 621; baseline -0.003 -2"><span class='ocrx_word' id='word_1_8' title='bbox 434 581 468 620; x_wconf 86' lang='lat' dir='ltr'>nn</span> <span class='ocrx_word' id='word_1_9' title='bbox 485 548 659 621; x_wconf 76' lang='lat' dir='ltr'>sncmuaurc</span> <span class='ocrx_word' id='word_1_10' title='bbox 676 579 793 620; x_wconf 79' lang='lat' dir='ltr'>ororurs.</span> 
     </span>
    </p>
   </div>
   <div class='ocr_carea' id='block_1_4' title="bbox 141 719 1079 3095">
    <p class='ocr_par' dir='ltr' id='par_1_4' title="bbox 142 719 1079 1927">
     <span class='ocr_line' id='line_1_4' title="bbox 183 719 1077 800; baseline 0.006 -18"><span class='ocrx_word' id='word_1_11' title='bbox 183 725 209 782; x_wconf 91' lang='lat'>1.</span> <span class='ocrx_word' id='word_1_12' title='bbox 236 721 349 782; x_wconf 86' lang='lat' dir='ltr'>Omnia</span> <span class='ocrx_word' id='word_1_13' title='bbox 376 723 573 780; x_wconf 86' lang='lat' dir='ltr'>sacramenta</span> <span class='ocrx_word' id='word_1_14' title='bbox 594 720 627 780; x_wconf 90' lang='lat' dir='ltr'>id</span> <span class='ocrx_word' id='word_1_15' title='bbox 651 719 769 782; x_wconf 89' lang='lat' dir='ltr'>hahent</span> <span class='ocrx_word' id='word_1_16' title='bbox 794 739 960 800; x_wconf 81' lang='lat' dir='ltr'>commune,</span> <span class='ocrx_word' id='word_1_17' title='bbox 980 728 1015 787; x_wconf 89' lang='lat' dir='ltr'>ut</span> <span class='ocrx_word' id='word_1_18' title='bbox 1037 726 1077 787; x_wconf 86' lang='lat' dir='ltr'>ad</span> 
     </span>
     <span class='ocr_line' id='line_1_5' title="bbox 143 813 1078 878; baseline 0.001 -2"><span class='ocrx_word' id='word_1_19' title='bbox 143 817 311 878; x_wconf 93' lang='lat' dir='ltr'>hominum</span> <span class='ocrx_word' id='word_1_20' title='bbox 331 814 609 876; x_wconf 86' lang='lat' dir='ltr'>sanctificationem</span> <span class='ocrx_word' id='word_1_21' title='bbox 631 813 775 876; x_wconf 88' lang='lat' dir='ltr'>ordinate</span> <span class='ocrx_word' id='word_1_22' title='bbox 795 815 866 876; x_wconf 91' lang='lat' dir='ltr'>sint.</span> <span class='ocrx_word' id='word_1_23' title='bbox 889 818 956 876; x_wconf 89' lang='lat' dir='ltr'>Duo</span> <span class='ocrx_word' id='word_1_24' title='bbox 977 835 1078 878; x_wconf 86' lang='lat' dir='ltr'>sacra-</span> 
     </span>
     <span class='ocr_line' id='line_1_6' title="bbox 142 908 1078 989; baseline -0.001 -18"><span class='ocrx_word' id='word_1_25' title='bbox 142 914 253 971; x_wconf 89' lang='lat' dir='ltr'>menta</span> <span class='ocrx_word' id='word_1_26' title='bbox 269 908 303 970; x_wconf 90' lang='lat' dir='ltr'>id</span> <span class='ocrx_word' id='word_1_27' title='bbox 317 909 435 970; x_wconf 89' lang='lat' dir='ltr'>hahent</span> <span class='ocrx_word' id='word_1_28' title='bbox 452 909 619 988; x_wconf 63' lang='lat' dir='ltr'>proprium,</span> <span class='ocrx_word' id='word_1_29' title='bbox 640 911 675 971; x_wconf 95' lang='lat' dir='ltr'>ut</span> <span class='ocrx_word' id='word_1_30' title='bbox 695 908 736 969; x_wconf 92' lang='lat' dir='ltr'>ad</span> <span class='ocrx_word' id='word_1_31' title='bbox 756 909 902 971; x_wconf 78' lang='lat' dir='ltr'>Ecclesia</span> <span class='ocrx_word' id='word_1_32' title='bbox 923 928 1078 989; x_wconf 81' lang='lat' dir='ltr'>propaga-</span> 
     </span>
     <span class='ocr_line' id='line_1_7' title="bbox 142 1004 1078 1081; baseline 0 -13"><span class='ocrx_word' id='word_1_33' title='bbox 142 1009 275 1081; x_wconf 89' lang='lat' dir='ltr'>tionem,</span> <span class='ocrx_word' id='word_1_34' title='bbox 291 1004 519 1065; x_wconf 88' lang='lat' dir='ltr'>institutionem</span> <span class='ocrx_word' id='word_1_35' title='bbox 538 1007 569 1067; x_wconf 90' lang='lat' dir='ltr'>et</span> <span class='ocrx_word' id='word_1_36' title='bbox 583 1022 692 1065; x_wconf 89' lang='lat' dir='ltr'>curam</span> <span class='ocrx_word' id='word_1_37' title='bbox 713 1005 857 1067; x_wconf 89' lang='lat' dir='ltr'>ordinata</span> <span class='ocrx_word' id='word_1_38' title='bbox 878 1007 958 1068; x_wconf 86' lang='lat' dir='ltr'>sint:</span> <span class='ocrx_word' id='word_1_39' title='bbox 976 1025 1078 1068; x_wconf 87' lang='lat' dir='ltr'>sacra-</span> 
     </span>
     <span class='ocr_line' id='line_1_8' title="bbox 144 1100 1077 1164; baseline 0 -1"><span class='ocrx_word' id='word_1_40' title='bbox 144 1107 253 1164; x_wconf 91' lang='lat' dir='ltr'>menta</span> <span class='ocrx_word' id='word_1_41' title='bbox 274 1101 392 1162; x_wconf 87' lang='lat' dir='ltr'>ordinis</span> <span class='ocrx_word' id='word_1_42' title='bbox 413 1103 445 1162; x_wconf 90' lang='lat' dir='ltr'>et</span> <span class='ocrx_word' id='word_1_43' title='bbox 464 1100 677 1161; x_wconf 76' lang='lat' dir='ltr'>matrimonii:</span> <span class='ocrx_word' id='word_1_44' title='bbox 694 1101 754 1162; x_wconf 92' lang='lat' dir='ltr'>hoc</span> <span class='ocrx_word' id='word_1_45' title='bbox 774 1105 809 1163; x_wconf 91' lang='lat' dir='ltr'>ut</span> <span class='ocrx_word' id='word_1_46' title='bbox 829 1102 909 1163; x_wconf 82' lang='lat' dir='ltr'>tilios</span> <span class='ocrx_word' id='word_1_47' title='bbox 930 1103 1077 1164; x_wconf 75' lang='lat' dir='ltr'>Ecclesia</span> 
     </span>
     <span class='ocr_line' id='line_1_9' title="bbox 143 1195 1078 1278; baseline -0.001 -20"><span class='ocrx_word' id='word_1_48' title='bbox 143 1201 292 1278; x_wconf 79' lang='lat' dir='ltr'>generet,</span> <span class='ocrx_word' id='word_1_49' title='bbox 313 1195 391 1256; x_wconf 88' lang='lat' dir='ltr'>illud</span> <span class='ocrx_word' id='word_1_50' title='bbox 412 1199 447 1258; x_wconf 90' lang='lat' dir='ltr'>ut</span> <span class='ocrx_word' id='word_1_51' title='bbox 467 1199 648 1275; x_wconf 79' lang='lat' dir='ltr'>regeneret3</span> <span class='ocrx_word' id='word_1_52' title='bbox 672 1196 732 1257; x_wconf 92' lang='lat' dir='ltr'>hoc</span> <span class='ocrx_word' id='word_1_53' title='bbox 751 1200 785 1258; x_wconf 90' lang='lat' dir='ltr'>nt</span> <span class='ocrx_word' id='word_1_54' title='bbox 805 1197 926 1274; x_wconf 85' lang='lat' dir='ltr'>prolem</span> <span class='ocrx_word' id='word_1_55' title='bbox 947 1202 1078 1276; x_wconf 89' lang='lat' dir='ltr'>paterna</span> 
     </span>
     <span class='ocr_line' id='line_1_10' title="bbox 144 1289 1079 1368; baseline 0 -16"><span class='ocrx_word' id='word_1_56' title='bbox 144 1291 196 1353; x_wconf 88' lang='lat' dir='ltr'>vel</span> <span class='ocrx_word' id='word_1_57' title='bbox 210 1294 355 1352; x_wconf 91' lang='lat' dir='ltr'>materna</span> <span class='ocrx_word' id='word_1_58' title='bbox 368 1308 444 1351; x_wconf 89' lang='lat' dir='ltr'>cura</span> <span class='ocrx_word' id='word_1_59' title='bbox 457 1289 642 1351; x_wconf 76' lang='lat' dir='ltr'>Christianae</span> <span class='ocrx_word' id='word_1_60' title='bbox 657 1290 765 1352; x_wconf 86' lang='lat' dir='ltr'>virtuti</span> <span class='ocrx_word' id='word_1_61' title='bbox 783 1291 935 1368; x_wconf 89' lang='lat' dir='ltr'>instituat,</span> <span class='ocrx_word' id='word_1_62' title='bbox 951 1291 1029 1351; x_wconf 90' lang='lat' dir='ltr'>illud</span> <span class='ocrx_word' id='word_1_63' title='bbox 1044 1294 1079 1352; x_wconf 94' lang='lat' dir='ltr'>ut</span> 
     </span>
     <span class='ocr_line' id='line_1_11' title="bbox 144 1385 1077 1458; baseline -0.002 -10"><span class='ocrx_word' id='word_1_64' title='bbox 144 1388 243 1448; x_wconf 88' lang='lat' dir='ltr'>sacris</span> <span class='ocrx_word' id='word_1_65' title='bbox 266 1385 377 1447; x_wconf 88' lang='lat' dir='ltr'>ritibus</span> <span class='ocrx_word' id='word_1_66' title='bbox 400 1389 433 1446; x_wconf 93' lang='lat' dir='ltr'>et</span> <span class='ocrx_word' id='word_1_67' title='bbox 454 1385 599 1445; x_wconf 89' lang='lat' dir='ltr'>omnibus</span> <span class='ocrx_word' id='word_1_68' title='bbox 624 1385 724 1447; x_wconf 86' lang='lat' dir='ltr'>cultus</span> <span class='ocrx_word' id='word_1_69' title='bbox 748 1385 845 1458; x_wconf 81' lang='lat' dir='ltr'>divini</span> <span class='ocrx_word' id='word_1_70' title='bbox 867 1385 1077 1448; x_wconf 87' lang='lat' dir='ltr'>functionibus</span> 
     </span>
     <span class='ocr_line' id='line_1_12' title="bbox 144 1478 1076 1558; baseline -0.006 -14"><span class='ocrx_word' id='word_1_71' title='bbox 144 1483 292 1544; x_wconf 78' lang='lat' dir='ltr'>Ecclesiae</span> <span class='ocrx_word' id='word_1_72' title='bbox 311 1480 391 1542; x_wconf 87' lang='lat' dir='ltr'>filios</span> <span class='ocrx_word' id='word_1_73' title='bbox 411 1479 537 1558; x_wconf 86' lang='lat' dir='ltr'>plebem</span> <span class='ocrx_word' id='word_1_74' title='bbox 558 1479 761 1541; x_wconf 80' lang='lat' dir='ltr'>christianam</span> <span class='ocrx_word' id='word_1_75' title='bbox 778 1481 922 1556; x_wconf 90' lang='lat' dir='ltr'>instruat,</span> <span class='ocrx_word' id='word_1_76' title='bbox 940 1478 1076 1540; x_wconf 88' lang='lat' dir='ltr'>sanctifi-</span> 
     </span>
     <span class='ocr_line' id='line_1_13' title="bbox 144 1572 1078 1655; baseline -0.006 -17"><span class='ocrx_word' id='word_1_77' title='bbox 144 1581 212 1652; x_wconf 90' lang='lat' dir='ltr'>cet,</span> <span class='ocrx_word' id='word_1_78' title='bbox 238 1575 405 1655; x_wconf 79' lang='lat' dir='ltr'>gubernet.</span> <span class='ocrx_word' id='word_1_79' title='bbox 431 1574 556 1652; x_wconf 83' lang='lat' dir='ltr'>Itaque,</span> <span class='ocrx_word' id='word_1_80' title='bbox 583 1591 681 1653; x_wconf 88' lang='lat' dir='ltr'>quum</span> <span class='ocrx_word' id='word_1_81' title='bbox 704 1572 765 1633; x_wconf 91' lang='lat' dir='ltr'>duo</span> <span class='ocrx_word' id='word_1_82' title='bbox 790 1572 858 1632; x_wconf 83' lang='lat' dir='ltr'>hese</span> <span class='ocrx_word' id='word_1_83' title='bbox 881 1575 1078 1632; x_wconf 89' lang='lat' dir='ltr'>sacramenta</span> 
     </span>
     <span class='ocr_line' id='line_1_14' title="bbox 144 1668 1076 1752; baseline -0.006 -19"><span class='ocrx_word' id='word_1_84' title='bbox 144 1672 315 1752; x_wconf 73' lang='lat' dir='ltr'>specialem</span> <span class='ocrx_word' id='word_1_85' title='bbox 338 1670 477 1731; x_wconf 82' lang='lat' dir='ltr'>habeant</span> <span class='ocrx_word' id='word_1_86' title='bbox 500 1669 686 1731; x_wconf 83' lang='lat' dir='ltr'>relationem</span> <span class='ocrx_word' id='word_1_87' title='bbox 709 1687 781 1730; x_wconf 90' lang='lat' dir='ltr'>oum</span> <span class='ocrx_word' id='word_1_88' title='bbox 804 1668 943 1730; x_wconf 79' lang='lat' dir='ltr'>Ecclesia</span> <span class='ocrx_word' id='word_1_89' title='bbox 964 1669 997 1728; x_wconf 94' lang='lat' dir='ltr'>in</span> <span class='ocrx_word' id='word_1_90' title='bbox 1021 1685 1076 1728; x_wconf 90' lang='lat' dir='ltr'>suo</span> 
     </span>
     <span class='ocr_line' id='line_1_15' title="bbox 144 1764 1079 1846; baseline -0.007 -15"><span class='ocrx_word' id='word_1_91' title='bbox 144 1788 214 1831; x_wconf 87' lang='lat' dir='ltr'>esse</span> <span class='ocrx_word' id='word_1_92' title='bbox 236 1767 343 1829; x_wconf 90' lang='lat' dir='ltr'>sociali</span> <span class='ocrx_word' id='word_1_93' title='bbox 364 1765 571 1843; x_wconf 90' lang='lat' dir='ltr'>considerata,</span> <span class='ocrx_word' id='word_1_94' title='bbox 589 1767 682 1846; x_wconf 89' lang='lat' dir='ltr'>paulo</span> <span class='ocrx_word' id='word_1_95' title='bbox 706 1766 820 1829; x_wconf 87' lang='lat' dir='ltr'>diutius</span> <span class='ocrx_word' id='word_1_96' title='bbox 837 1766 875 1827; x_wconf 89' lang='lat' dir='ltr'>de</span> <span class='ocrx_word' id='word_1_97' title='bbox 889 1766 927 1826; x_wconf 89' lang='lat' dir='ltr'>iis</span> <span class='ocrx_word' id='word_1_98' title='bbox 946 1764 1079 1843; x_wconf 89' lang='lat' dir='ltr'>loquen-</span> 
     </span>
     <span class='ocr_line' id='line_1_16' title="bbox 145 1860 622 1927; baseline -0.008 0"><span class='ocrx_word' id='word_1_99' title='bbox 145 1866 222 1927; x_wconf 89' lang='lat' dir='ltr'>dum</span> <span class='ocrx_word' id='word_1_100' title='bbox 236 1868 294 1926; x_wconf 89' lang='lat' dir='ltr'>est.</span> <span class='ocrx_word' id='word_1_101' title='bbox 619 1860 622 1866; x_wconf 86' lang='lat'>&#39;</span> 
     </span>
    </p>

    <p class='ocr_par' dir='ltr' id='par_1_5' title="bbox 141 1956 1078 3095">
     <span class='ocr_line' id='line_1_17' title="bbox 185 1956 1078 2037; baseline -0.008 -15"><span class='ocrx_word' id='word_1_102' title='bbox 185 1959 339 2022; x_wconf 78' lang='lat' dir='ltr'>Exordior</span> <span class='ocrx_word' id='word_1_103' title='bbox 352 1976 372 2019; x_wconf 91' lang='lat' dir='ltr'>a</span> <span class='ocrx_word' id='word_1_104' title='bbox 386 1961 583 2021; x_wconf 86' lang='lat' dir='ltr'>sacramento</span> <span class='ocrx_word' id='word_1_105' title='bbox 598 1957 728 2019; x_wconf 90' lang='lat' dir='ltr'>ordinis.</span> <span class='ocrx_word' id='word_1_106' title='bbox 747 1959 896 2037; x_wconf 85' lang='lat' dir='ltr'>Suppono</span> <span class='ocrx_word' id='word_1_107' title='bbox 914 1956 982 2036; x_wconf 84' lang='lat' dir='ltr'>jam</span> <span class='ocrx_word' id='word_1_108' title='bbox 1003 1959 1078 2016; x_wconf 89' lang='lat' dir='ltr'>nota</span> 
     </span>
     <span class='ocr_line' id='line_1_18' title="bbox 144 2053 1078 2135; baseline -0.007 -16"><span class='ocrx_word' id='word_1_109' title='bbox 144 2078 185 2119; x_wconf 84' lang='lat' dir='ltr'>ex</span> <span class='ocrx_word' id='word_1_110' title='bbox 206 2055 366 2134; x_wconf 84' lang='lat' dir='ltr'>theologia</span> <span class='ocrx_word' id='word_1_111' title='bbox 390 2073 459 2135; x_wconf 83' lang='lat' dir='ltr'>quae</span> <span class='ocrx_word' id='word_1_112' title='bbox 484 2053 642 2133; x_wconf 88' lang='lat' dir='ltr'>pertinent</span> <span class='ocrx_word' id='word_1_113' title='bbox 663 2053 704 2114; x_wconf 92' lang='lat' dir='ltr'>ad</span> <span class='ocrx_word' id='word_1_114' title='bbox 724 2053 962 2130; x_wconf 88' lang='lat' dir='ltr'>institutionem,</span> <span class='ocrx_word' id='word_1_115' title='bbox 978 2055 1078 2113; x_wconf 90' lang='lat' dir='ltr'>mate-</span> 
     </span>
     <span class='ocr_line' id='line_1_19' title="bbox 144 2148 1076 2231; baseline -0.006 -16"><span class='ocrx_word' id='word_1_116' title='bbox 144 2156 238 2231; x_wconf 89' lang='lat' dir='ltr'>riam,</span> <span class='ocrx_word' id='word_1_117' title='bbox 262 2152 412 2229; x_wconf 81' lang='lat' dir='ltr'>formam,</span> <span class='ocrx_word' id='word_1_118' title='bbox 436 2151 625 2228; x_wconf 89' lang='lat' dir='ltr'>ministrum,</span> <span class='ocrx_word' id='word_1_119' title='bbox 651 2148 808 2229; x_wconf 89' lang='lat' dir='ltr'>subjecta,</span> <span class='ocrx_word' id='word_1_120' title='bbox 832 2150 960 2210; x_wconf 88' lang='lat' dir='ltr'>effectus</span> <span class='ocrx_word' id='word_1_121' title='bbox 983 2148 1076 2229; x_wconf 83' lang='lat' dir='ltr'>hujus</span> 
     </span>
     <span class='ocr_line' id='line_1_20' title="bbox 143 2245 1077 2328; baseline -0.006 -15"><span class='ocrx_word' id='word_1_122' title='bbox 143 2250 380 2313; x_wconf 88' lang='lat' dir='ltr'>sacramentiin</span> <span class='ocrx_word' id='word_1_123' title='bbox 400 2266 455 2310; x_wconf 93' lang='lat' dir='ltr'>suc</span> <span class='ocrx_word' id='word_1_124' title='bbox 480 2251 609 2328; x_wconf 91' lang='lat' dir='ltr'>aspectu</span> <span class='ocrx_word' id='word_1_125' title='bbox 633 2246 989 2327; x_wconf 47' lang='lat' dir='ltr'>dogmatico.‚Suppono</span> <span class='ocrx_word' id='word_1_126' title='bbox 1010 2245 1077 2327; x_wconf 87' lang='lat' dir='ltr'>jam</span> 
     </span>
     <span class='ocr_line' id='line_1_21' title="bbox 142 2343 1077 2425; baseline -0.005 -16"><span class='ocrx_word' id='word_1_127' title='bbox 142 2351 238 2409; x_wconf 84' lang='lat' dir='ltr'>notos</span> <span class='ocrx_word' id='word_1_128' title='bbox 247 2365 285 2407; x_wconf 85' lang='lat' dir='ltr'>ex</span> <span class='ocrx_word' id='word_1_129' title='bbox 294 2345 403 2425; x_wconf 75' lang='lat' dir='ltr'>pumis</span> <span class='ocrx_word' id='word_1_130' title='bbox 411 2344 597 2406; x_wconf 85' lang='lat' dir='ltr'>lectionibus</span> <span class='ocrx_word' id='word_1_131' title='bbox 607 2343 646 2405; x_wconf 90' lang='lat' dir='ltr'>de</span> <span class='ocrx_word' id='word_1_132' title='bbox 657 2346 740 2406; x_wconf 90' lang='lat' dir='ltr'>statu</span> <span class='ocrx_word' id='word_1_133' title='bbox 754 2361 960 2422; x_wconf 87' lang='lat' dir='ltr'>personarum</span> <span class='ocrx_word' id='word_1_134' title='bbox 973 2344 1077 2404; x_wconf 89' lang='lat' dir='ltr'>varios</span> 
     </span>
     <span class='ocr_line' id='line_1_22' title="bbox 141 2439 1076 2523; baseline -0.004 -20"><span class='ocrx_word' id='word_1_135' title='bbox 141 2442 263 2523; x_wconf 84' lang='lat' dir='ltr'>gradus</span> <span class='ocrx_word' id='word_1_136' title='bbox 275 2443 308 2501; x_wconf 92' lang='lat' dir='ltr'>in</span> <span class='ocrx_word' id='word_1_137' title='bbox 324 2458 405 2521; x_wconf 67' lang='lat' dir='ltr'>quos⁴</span> <span class='ocrx_word' id='word_1_138' title='bbox 425 2440 635 2520; x_wconf 59' lang='lat' dir='ltr'>distinguitur,</span> <span class='ocrx_word' id='word_1_139' title='bbox 648 2440 725 2501; x_wconf 90' lang='lat' dir='ltr'>ordo</span> <span class='ocrx_word' id='word_1_140' title='bbox 745 2458 843 2518; x_wconf 84' lang='lat' dir='ltr'>secer,</span> <span class='ocrx_word' id='word_1_141' title='bbox 860 2439 944 2501; x_wconf 86' lang='lat' dir='ltr'>unde</span> <span class='ocrx_word' id='word_1_142' title='bbox 959 2440 1076 2500; x_wconf 84' lang='lat' dir='ltr'>hierar-</span> 
     </span>
     <span class='ocr_line' id='line_1_23' title="bbox 142 2535 1077 2601; baseline -0.005 -1"><span class='ocrx_word' id='word_1_143' title='bbox 142 2540 216 2601; x_wconf 90' lang='lat' dir='ltr'>chia</span> <span class='ocrx_word' id='word_1_144' title='bbox 237 2538 355 2599; x_wconf 89' lang='lat' dir='ltr'>ordinis</span> <span class='ocrx_word' id='word_1_145' title='bbox 374 2537 515 2600; x_wconf 87' lang='lat' dir='ltr'>resultat.</span> <span class='ocrx_word' id='word_1_146' title='bbox 533 2537 691 2598; x_wconf 84' lang='lat' dir='ltr'>Goerceho</span> <span class='ocrx_word' id='word_1_147' title='bbox 712 2537 931 2599; x_wconf 77' lang='lat' dir='ltr'>tractationem</span> <span class='ocrx_word' id='word_1_148' title='bbox 950 2535 990 2597; x_wconf 88' lang='lat' dir='ltr'>ad</span> <span class='ocrx_word' id='word_1_149' title='bbox 1006 2553 1077 2595; x_wconf 90' lang='lat' dir='ltr'>eam</span> 
     </span>
     <span class='ocr_line' id='line_1_24' title="bbox 142 2629 1075 2711; baseline -0.005 -18"><span class='ocrx_word' id='word_1_150' title='bbox 142 2634 268 2711; x_wconf 85' lang='lat' dir='ltr'>partem</span> <span class='ocrx_word' id='word_1_151' title='bbox 283 2648 352 2709; x_wconf 83' lang='lat' dir='ltr'>quae</span> <span class='ocrx_word' id='word_1_152' title='bbox 367 2629 429 2709; x_wconf 87' lang='lat' dir='ltr'>juri</span> <span class='ocrx_word' id='word_1_153' title='bbox 442 2634 548 2691; x_wconf 88' lang='lat' dir='ltr'>nostro</span> <span class='ocrx_word' id='word_1_154' title='bbox 563 2631 664 2709; x_wconf 82' lang='lat' dir='ltr'>magis</span> <span class='ocrx_word' id='word_1_155' title='bbox 679 2630 807 2708; x_wconf 88' lang='lat' dir='ltr'>propria</span> <span class='ocrx_word' id='word_1_156' title='bbox 822 2634 879 2706; x_wconf 92' lang='lat' dir='ltr'>est,</span> <span class='ocrx_word' id='word_1_157' title='bbox 892 2648 947 2691; x_wconf 91' lang='lat' dir='ltr'>seu</span> <span class='ocrx_word' id='word_1_158' title='bbox 962 2629 1001 2689; x_wconf 86' lang='lat' dir='ltr'>de</span> <span class='ocrx_word' id='word_1_159' title='bbox 1016 2630 1075 2689; x_wconf 87' lang='lat' dir='ltr'>dis·</span> 
     </span>
     <span class='ocr_line' id='line_1_25' title="bbox 142 2724 1078 2805; baseline -0.002 -18"><span class='ocrx_word' id='word_1_160' title='bbox 142 2726 289 2804; x_wconf 88' lang='lat' dir='ltr'>ciplinari</span> <span class='ocrx_word' id='word_1_161' title='bbox 308 2726 456 2787; x_wconf 81' lang='lat' dir='ltr'>Ecclesiae</span> <span class='ocrx_word' id='word_1_162' title='bbox 476 2728 662 2803; x_wconf 89' lang='lat' dir='ltr'>oeconomia,</span> <span class='ocrx_word' id='word_1_163' title='bbox 682 2760 723 2773; x_wconf 92' lang='lat'>-</span> <span class='ocrx_word' id='word_1_164' title='bbox 743 2728 775 2786; x_wconf 78' lang='lat'>{⁰</span> <span class='ocrx_word' id='word_1_165' title='bbox 789 2726 893 2805; x_wconf 90' lang='lat' dir='ltr'>quoad</span> <span class='ocrx_word' id='word_1_166' title='bbox 912 2724 1078 2785; x_wconf 78' lang='lat' dir='ltr'>admissio-</span> 
     </span>
     <span class='ocr_line' id='line_1_26' title="bbox 142 2820 1076 2902; baseline -0.002 -20"><span class='ocrx_word' id='word_1_167' title='bbox 142 2840 218 2883; x_wconf 87' lang='lat' dir='ltr'>nem</span> <span class='ocrx_word' id='word_1_168' title='bbox 240 2822 486 2901; x_wconf 80' lang='lat' dir='ltr'>suscipientium,</span> <span class='ocrx_word' id='word_1_169' title='bbox 502 2856 543 2869; x_wconf 91' lang='lat'>-</span> <span class='ocrx_word' id='word_1_170' title='bbox 555 2828 587 2884; x_wconf 72' lang='lat'>2⁰</span> <span class='ocrx_word' id='word_1_171' title='bbox 607 2822 712 2902; x_wconf 85' lang='lat' dir='ltr'>quoad</span> <span class='ocrx_word' id='word_1_172' title='bbox 733 2822 947 2885; x_wconf 86' lang='lat' dir='ltr'>ministrorum</span> <span class='ocrx_word' id='word_1_173' title='bbox 969 2820 1076 2881; x_wconf 91' lang='lat' dir='ltr'>condi-</span> 
     </span>
     <span class='ocr_line' id='line_1_27' title="bbox 141 2916 1075 2998; baseline -0.005 -17"><span class='ocrx_word' id='word_1_174' title='bbox 141 2920 275 2995; x_wconf 87' lang='lat' dir='ltr'>tionem,</span> <span class='ocrx_word' id='word_1_175' title='bbox 291 2950 332 2964; x_wconf 90' lang='lat'><em>-</em></span> <span class='ocrx_word' id='word_1_176' title='bbox 345 2920 377 2979; x_wconf 84' lang='lat'>3⁰</span> <span class='ocrx_word' id='word_1_177' title='bbox 392 2919 497 2998; x_wconf 86' lang='lat' dir='ltr'>quoad</span> <span class='ocrx_word' id='word_1_178' title='bbox 510 2918 641 2980; x_wconf 90' lang='lat' dir='ltr'>modum</span> <span class='ocrx_word' id='word_1_179' title='bbox 658 2918 850 2991; x_wconf 86' lang='lat' dir='ltr'>conferendi,</span> <span class='ocrx_word' id='word_1_180' title='bbox 866 2949 907 2962; x_wconf 91' lang='lat'>·-</span> <span class='ocrx_word' id='word_1_181' title='bbox 924 2920 956 2977; x_wconf 75' lang='lat'>4⁰</span> <span class='ocrx_word' id='word_1_182' title='bbox 971 2916 1075 2996; x_wconf 90' lang='lat' dir='ltr'>quoad</span> 
     </span>
     <span class='ocr_line' id='line_1_28' title="bbox 141 3014 866 3095; baseline -0.003 -19"><span class='ocrx_word' id='word_1_183' title='bbox 141 3014 350 3094; x_wconf 81' lang='lat' dir='ltr'>obligationes</span> <span class='ocrx_word' id='word_1_184' title='bbox 364 3015 477 3095; x_wconf 88' lang='lat' dir='ltr'>quihus</span> <span class='ocrx_word' id='word_1_185' title='bbox 492 3015 659 3078; x_wconf 86' lang='lat' dir='ltr'>ordinatus</span> <span class='ocrx_word' id='word_1_186' title='bbox 673 3014 866 3093; x_wconf 80' lang='lat' dir='ltr'>astringitur.</span> 
     </span>
    </p>
   </div>
   <div class='ocr_carea' id='block_1_5' title="bbox 402 3153 818 3224">
    <p class='ocr_par' dir='ltr' id='par_1_6' title="bbox 402 3153 818 3224">
     <span class='ocr_line' id='line_1_29' title="bbox 402 3153 818 3224; baseline -0.01 -17"><span class='ocrx_word' id='word_1_187' title='bbox 402 3162 424 3207; x_wconf 88' lang='lat'>1.</span> <span class='ocrx_word' id='word_1_188' title='bbox 438 3174 466 3209; x_wconf 82' lang='lat' dir='ltr'>nr</span> <span class='ocrx_word' id='word_1_189' title='bbox 480 3153 612 3224; x_wconf 67' lang='lat' dir='ltr'>incursura</span> <span class='ocrx_word' id='word_1_190' title='bbox 627 3171 818 3209; x_wconf 78' lang='lat' dir='ltr'>osnruuucsnu.</span> 
     </span>
    </p>
   </div>
   <div class='ocr_carea' id='block_1_6' title="bbox 139 3264 1076 3538">
    <p class='ocr_par' dir='ltr' id='par_1_7' title="bbox 139 3264 1076 3538">
     <span class='ocr_line' id='line_1_30' title="bbox 183 3264 1076 3362; baseline 0.004 -37"><span class='ocrx_word' id='word_1_191' title='bbox 183 3264 269 3326; x_wconf 86' lang='lat' dir='ltr'>Ordo</span> <span class='ocrx_word' id='word_1_192' title='bbox 284 3272 515 3329; x_wconf 88' lang='lat' dir='ltr'>sacramentum</span> <span class='ocrx_word' id='word_1_193' title='bbox 525 3267 564 3328; x_wconf 92' lang='lat' dir='ltr'>de</span> <span class='ocrx_word' id='word_1_194' title='bbox 574 3266 612 3362; x_wconf 85' lang='lat' dir='ltr'>iis</span> <span class='ocrx_word' id='word_1_195' title='bbox 622 3269 670 3330; x_wconf 93' lang='lat' dir='ltr'>est</span> <span class='ocrx_word' id='word_1_196' title='bbox 680 3266 733 3345; x_wconf 87' lang='lat' dir='ltr'>qui</span> <span class='ocrx_word' id='word_1_197' title='bbox 743 3266 957 3330; x_wconf 87' lang='lat' dir='ltr'>characterem</span> <span class='ocrx_word' id='word_1_198' title='bbox 971 3268 1076 3347; x_wconf 83' lang='lat' dir='ltr'>impri-</span> 
     </span>
     <span class='ocr_line' id='line_1_31' title="bbox 139 3361 1075 3441; baseline 0.002 -21"><span class='ocrx_word' id='word_1_199' title='bbox 139 3364 252 3421; x_wconf 90' lang='lat' dir='ltr'>munt:</span> <span class='ocrx_word' id='word_1_200' title='bbox 269 3363 438 3440; x_wconf 84' lang='lat' dir='ltr'>propterea</span> <span class='ocrx_word' id='word_1_201' title='bbox 452 3361 616 3423; x_wconf 89' lang='lat' dir='ltr'>ordinatur</span> <span class='ocrx_word' id='word_1_202' title='bbox 630 3361 671 3421; x_wconf 86' lang='lat' dir='ltr'>ed</span> <span class='ocrx_word' id='word_1_203' title='bbox 686 3361 856 3440; x_wconf 90' lang='lat' dir='ltr'>quemdam</span> <span class='ocrx_word' id='word_1_204' title='bbox 875 3365 1075 3441; x_wconf 85' lang='lat' dir='ltr'>statum-per-</span> 
     </span>
     <span class='ocr_line' id='line_1_32' title="bbox 141 3458 1071 3538; baseline 0 -21"><span class='ocrx_word' id='word_1_205' title='bbox 141 3461 326 3519; x_wconf 91' lang='lat' dir='ltr'>manentem</span> <span class='ocrx_word' id='word_1_206' title='bbox 347 3461 378 3519; x_wconf 90' lang='lat' dir='ltr'>et</span> <span class='ocrx_word' id='word_1_207' title='bbox 391 3461 588 3537; x_wconf 84' lang='lat' dir='ltr'>perpetuum.</span> <span class='ocrx_word' id='word_1_208' title='bbox 605 3458 662 3519; x_wconf 89' lang='lat' dir='ltr'>Hic</span> <span class='ocrx_word' id='word_1_209' title='bbox 683 3462 780 3522; x_wconf 86' lang='lat' dir='ltr'>status</span> <span class='ocrx_word' id='word_1_210' title='bbox 803 3460 855 3538; x_wconf 84' lang='lat' dir='ltr'>qui</span> <span class='ocrx_word' id='word_1_211' title='bbox 876 3461 1071 3521; x_wconf 88' lang='lat' dir='ltr'>sacramento</span> 
     </span>
    </p>
   </div>
   <div class='ocr_carea' id='block_1_7' title="bbox 0 0 1226 4125">
    <p class='ocr_par' dir='ltr' id='par_1_8' title="bbox 0 0 1226 4125">
     <span class='ocr_line' id='line_1_33' title="bbox 0 0 1226 4125; baseline 0 0"><span class='ocrx_word' id='word_1_212' title='bbox 0 0 1226 4125; x_wconf 95' lang='lat' dir='ltr'> </span> 
     </span>
    </p>
   </div>
  </div>
 </body>
</html>
