<?xml version="1.0" encoding="UTF-8"?>
<!DOCTYPE html PUBLIC "-//W3C//DTD XHTML 1.0 Transitional//EN"
    "http://www.w3.org/TR/xhtml1/DTD/xhtml1-transitional.dtd">
<html xmlns="http://www.w3.org/1999/xhtml" xml:lang="en" lang="en">
 <head>
  <title>
</title>
<meta http-equiv="Content-Type" content="text/html;charset=utf-8" />
  <meta name='ocr-system' content='tesseract 3.04.00' />
  <meta name='ocr-capabilities' content='ocr_page ocr_carea ocr_par ocr_line ocrx_word'/>
</head>
<body>
  <div class='ocr_page' id='page_1' title='image "./institutionesju04marigoog_0064.png"; bbox 0 0 2442 4125; ppageno 0'>
   <div class='ocr_carea' id='block_1_1' title="bbox 205 293 924 355">
    <p class='ocr_par' dir='ltr' id='par_1_1' title="bbox 205 293 924 355">
     <span class='ocr_line' id='line_1_1' title="bbox 205 293 924 355; baseline 0.001 -2"><span class='ocrx_word' id='word_1_1' title='bbox 205 293 246 355; x_wconf 81' lang='lat' dir='ltr'><strong>ce</strong></span> <span class='ocrx_word' id='word_1_2' title='bbox 414 304 746 355; x_wconf 74' lang='lat' dir='ltr'><strong>1usr1ror10nnernn1s</strong></span> <span class='ocrx_word' id='word_1_3' title='bbox 768 306 924 355; x_wconf 73' lang='lat' dir='ltr'><strong>cunonrcr.</strong></span> 
     </span>
    </p>
   </div>
   <div class='ocr_carea' id='block_1_2' title="bbox 203 545 1143 1009">
    <p class='ocr_par' dir='ltr' id='par_1_2' title="bbox 203 545 1143 915">
     <span class='ocr_line' id='line_1_2' title="bbox 204 545 1143 643; baseline 0.001 -31"><span class='ocrx_word' id='word_1_4' title='bbox 204 566 257 613; x_wconf 86' lang='lat' dir='ltr'><strong>cro</strong></span> <span class='ocrx_word' id='word_1_5' title='bbox 273 548 304 611; x_wconf 90' lang='lat' dir='ltr'><strong>in</strong></span> <span class='ocrx_word' id='word_1_6' title='bbox 318 547 395 609; x_wconf 87' lang='lat' dir='ltr'><strong>locis</strong></span> <span class='ocrx_word' id='word_1_7' title='bbox 409 545 449 607; x_wconf 88' lang='lat' dir='ltr'><strong>ab</strong></span> <span class='ocrx_word' id='word_1_8' title='bbox 463 546 609 643; x_wconf 86' lang='lat' dir='ltr'><strong>episcopo</strong></span> <span class='ocrx_word' id='word_1_9' title='bbox 624 548 815 608; x_wconf 87' lang='lat' dir='ltr'><strong>consecratis</strong></span> <span class='ocrx_word' id='word_1_10' title='bbox 828 546 879 609; x_wconf 84' lang='lat' dir='ltr'><strong>vel</strong></span> <span class='ocrx_word' id='word_1_11' title='bbox 893 548 1035 627; x_wconf 80' lang='lat' dir='ltr'>episcopi</span> <span class='ocrx_word' id='word_1_12' title='bbox 1051 570 1143 613; x_wconf 91' lang='lat' dir='ltr'><strong>man-</strong></span> 
     </span>
     <span class='ocr_line' id='line_1_3' title="bbox 204 633 1141 722; baseline 0.002 -15"><span class='ocrx_word' id='word_1_13' title='bbox 204 645 277 709; x_wconf 87' lang='lat' dir='ltr'><strong>dato</strong></span> <span class='ocrx_word' id='word_1_14' title='bbox 296 643 469 707; x_wconf 76' lang='lat' dir='ltr'>benedictis</span> <span class='ocrx_word' id='word_1_15' title='bbox 486 633 617 704; x_wconf 81' lang='lat' dir='ltr'><strong>indnot&#39;a</strong></span> <span class='ocrx_word' id='word_1_16' title='bbox 633 643 685 719; x_wconf 87' lang='lat' dir='ltr'><strong>sit,</strong></span> <span class='ocrx_word' id='word_1_17' title='bbox 704 642 835 706; x_wconf 89' lang='lat' dir='ltr'><strong>inducta</strong></span> <span class='ocrx_word' id='word_1_18' title='bbox 853 646 972 722; x_wconf 86' lang='lat' dir='ltr'><strong>paritor</strong></span> <span class='ocrx_word' id='word_1_19' title='bbox 989 645 1044 707; x_wconf 82' lang='lat' dir='ltr'><strong>lex</strong></span> <span class='ocrx_word' id='word_1_20' title='bbox 1062 648 1141 709; x_wconf 87' lang='lat' dir='ltr'><strong>alta·</strong></span> 
     </span>
     <span class='ocr_line' id='line_1_4' title="bbox 204 736 1140 819; baseline 0.002 -16"><span class='ocrx_word' id='word_1_21' title='bbox 204 740 284 803; x_wconf 84' lang='lat' dir='ltr'><strong>tium</strong></span> <span class='ocrx_word' id='word_1_22' title='bbox 299 737 495 819; x_wconf 89' lang='lat' dir='ltr'><strong>lapideorum</strong></span> <span class='ocrx_word' id='word_1_23' title='bbox 515 736 556 798; x_wconf 88' lang='lat' dir='ltr'><strong>ab</strong></span> <span class='ocrx_word' id='word_1_24' title='bbox 575 736 722 816; x_wconf 84' lang='lat' dir='ltr'><strong>episcopo</strong></span> <span class='ocrx_word' id='word_1_25' title='bbox 741 743 1015 815; x_wconf 83' lang='lat' dir='ltr'><strong>consecratorum,</strong></span> <span class='ocrx_word' id='word_1_26' title='bbox 1033 744 1140 805; x_wconf 85' lang='lat' dir='ltr'><strong>tamen</strong></span> 
     </span>
     <span class='ocr_line' id='line_1_5' title="bbox 203 834 552 915; baseline -0.02 -14"><span class='ocrx_word' id='word_1_27' title='bbox 203 836 318 901; x_wconf 87' lang='lat' dir='ltr'><strong>adsunt</strong></span> <span class='ocrx_word' id='word_1_28' title='bbox 331 834 530 915; x_wconf 70' lang='lat' dir='ltr'><strong>exceptiones</strong></span> <span class='ocrx_word' id='word_1_29' title='bbox 546 853 552 895; x_wconf 95' lang='lat'><strong>:</strong></span> 
     </span>
    </p>

    <p class='ocr_par' dir='ltr' id='par_1_3' title="bbox 243 929 1138 1009">
     <span class='ocr_line' id='line_1_6' title="bbox 243 929 1138 1009; baseline -0.001 -10"><span class='ocrx_word' id='word_1_30' title='bbox 243 934 274 999; x_wconf 89' lang='lat' dir='ltr'><strong>Si</strong></span> <span class='ocrx_word' id='word_1_31' title='bbox 289 934 383 997; x_wconf 85' lang='lat' dir='ltr'><strong>Missa</strong></span> <span class='ocrx_word' id='word_1_32' title='bbox 399 932 526 995; x_wconf 90' lang='lat' dir='ltr'><strong>omnino</strong></span> <span class='ocrx_word' id='word_1_33' title='bbox 546 929 737 993; x_wconf 86' lang='lat' dir='ltr'><strong>celebranda</strong></span> <span class='ocrx_word' id='word_1_34' title='bbox 753 930 794 993; x_wconf 86' lang='lat' dir='ltr'><strong>sit</strong></span> <span class='ocrx_word' id='word_1_35' title='bbox 814 949 873 993; x_wconf 88' lang='lat' dir='ltr'><strong>nec</strong></span> <span class='ocrx_word' id='word_1_36' title='bbox 894 932 993 1009; x_wconf 85' lang='lat' dir='ltr'><strong>possit</strong></span> <span class='ocrx_word' id='word_1_37' title='bbox 1014 934 1050 995; x_wconf 92' lang='lat' dir='ltr'><strong>in</strong></span> <span class='ocrx_word' id='word_1_38' title='bbox 1069 935 1138 999; x_wconf 90' lang='lat' dir='ltr'><strong>loco</strong></span> 
     </span>
    </p>
   </div>
   <div class='ocr_carea' id='block_1_3' title="bbox 188 1027 1205 3602">
    <p class='ocr_par' dir='ltr' id='par_1_4' title="bbox 200 1027 1205 1588">
     <span class='ocr_line' id='line_1_7' title="bbox 202 1027 1139 1113; baseline 0 -19"><span class='ocrx_word' id='word_1_39' title='bbox 202 1030 351 1113; x_wconf 72' lang='lat' dir='ltr'><strong>praedicto</strong></span> <span class='ocrx_word' id='word_1_40' title='bbox 368 1028 531 1105; x_wconf 86' lang='lat' dir='ltr'><strong>celebrari,</strong></span> <span class='ocrx_word' id='word_1_41' title='bbox 548 1028 622 1091; x_wconf 89' lang='lat' dir='ltr'><strong>licet</strong></span> <span class='ocrx_word' id='word_1_42' title='bbox 641 1046 680 1088; x_wconf 87' lang='lat' dir='ltr'><strong>cx</strong></span> <span class='ocrx_word' id='word_1_43' title='bbox 700 1027 927 1090; x_wconf 87' lang='lat' dir='ltr'><strong>consuetudine</strong></span> <span class='ocrx_word' id='word_1_44' title='bbox 945 1030 1139 1094; x_wconf 88' lang='lat' dir='ltr'><strong>sacrificium</strong></span> 
     </span>
     <span class='ocr_line' id='line_1_8' title="bbox 202 1122 1137 1207; baseline -0.003 -18"><span class='ocrx_word' id='word_1_45' title='bbox 202 1125 318 1207; x_wconf 86' lang='lat' dir='ltr'><strong>ubique</strong></span> <span class='ocrx_word' id='word_1_46' title='bbox 328 1124 442 1201; x_wconf 82' lang='lat' dir='ltr'><strong>tacere,</strong></span> <span class='ocrx_word' id='word_1_47' title='bbox 453 1122 626 1185; x_wconf 89' lang='lat' dir='ltr'><strong>dummodo</strong></span> <span class='ocrx_word' id='word_1_48' title='bbox 640 1122 729 1183; x_wconf 92' lang='lat' dir='ltr'><strong>locus</strong></span> <span class='ocrx_word' id='word_1_49' title='bbox 741 1122 775 1181; x_wconf 93' lang='lat' dir='ltr'><strong>in</strong></span> <span class='ocrx_word' id='word_1_50' title='bbox 790 1139 852 1201; x_wconf 81' lang='lat' dir='ltr'><strong>quo</strong></span> <span class='ocrx_word' id='word_1_51' title='bbox 867 1123 903 1183; x_wconf 90' lang='lat' dir='ltr'><strong>fit</strong></span> <span class='ocrx_word' id='word_1_52' title='bbox 916 1138 979 1183; x_wconf 91' lang='lat' dir='ltr'><strong>non</strong></span> <span class='ocrx_word' id='word_1_53' title='bbox 994 1123 1038 1185; x_wconf 89' lang='lat' dir='ltr'><strong>sit</strong></span> <span class='ocrx_word' id='word_1_54' title='bbox 1050 1124 1137 1186; x_wconf 80' lang='lat' dir='ltr'><strong>inde</strong></span> 
     </span>
     <span class='ocr_line' id='line_1_9' title="bbox 202 1218 1138 1298; baseline -0.003 -11"><span class='ocrx_word' id='word_1_55' title='bbox 202 1240 303 1287; x_wconf 87' lang='lat' dir='ltr'><strong>eorus.</strong></span> <span class='ocrx_word' id='word_1_56' title='bbox 321 1220 433 1285; x_wconf 77' lang='lat' dir='ltr'><strong>Afforri</strong></span> <span class='ocrx_word' id='word_1_57' title='bbox 455 1220 534 1283; x_wconf 88' lang='lat' dir='ltr'><strong>solet</strong></span> <span class='ocrx_word' id='word_1_58' title='bbox 552 1218 731 1298; x_wconf 86' lang='lat' dir='ltr'><strong>exemplum</strong></span> <span class='ocrx_word' id='word_1_59' title='bbox 754 1218 991 1297; x_wconf 79' lang='lat' dir='ltr'><strong>capellanorum</strong></span> <span class='ocrx_word' id='word_1_60' title='bbox 1015 1222 1138 1283; x_wconf 83' lang='lat' dir='ltr'><strong>exerci-</strong></span> 
     </span>
     <span class='ocr_line' id='line_1_10' title="bbox 201 1312 1205 1397; baseline -0.001 -15"><span class='ocrx_word' id='word_1_61' title='bbox 201 1321 308 1393; x_wconf 88' lang='lat' dir='ltr'><strong>tuum·</strong></span> <span class='ocrx_word' id='word_1_62' title='bbox 333 1316 462 1397; x_wconf 86' lang='lat' dir='ltr'><strong>parochi</strong></span> <span class='ocrx_word' id='word_1_63' title='bbox 481 1315 571 1396; x_wconf 89' lang='lat' dir='ltr'><strong>cujus</strong></span> <span class='ocrx_word' id='word_1_64' title='bbox 589 1313 736 1377; x_wconf 76' lang='lat' dir='ltr'><strong>nastasia</strong></span> <span class='ocrx_word' id='word_1_65' title='bbox 747 1312 901 1375; x_wconf 85' lang='lat' dir='ltr'><strong>inccndio</strong></span> <span class='ocrx_word' id='word_1_66' title='bbox 916 1315 1087 1379; x_wconf 87' lang='lat' dir='ltr'><strong>combusta</strong></span> <span class='ocrx_word' id='word_1_67' title='bbox 1100 1319 1137 1379; x_wconf 91' lang='lat' dir='ltr'><strong>sit</strong></span> <span class='ocrx_word' id='word_1_68' title='bbox 1204 1371 1205 1380; x_wconf 44' lang='lat'>2</span> 
     </span>
     <span class='ocr_line' id='line_1_11' title="bbox 201 1409 1205 1569; baseline -0.002 -92"><span class='ocrx_word' id='word_1_69' title='bbox 201 1413 279 1479; x_wconf 83' lang='lat' dir='ltr'><strong>vel&#39;</strong></span> <span class='ocrx_word' id='word_1_70' title='bbox 271 1430 405 1492; x_wconf 77' lang='lat' dir='ltr'><strong>incapax</strong></span> <span class='ocrx_word' id='word_1_71' title='bbox 426 1413 467 1474; x_wconf 87' lang='lat' dir='ltr'><strong>ad</strong></span> <span class='ocrx_word' id='word_1_72' title='bbox 490 1410 643 1491; x_wconf 86' lang='lat' dir='ltr'><strong>populum</strong></span> <span class='ocrx_word' id='word_1_73' title='bbox 665 1410 902 1490; x_wconf 68' lang='lat' dir='ltr'><strong>recipiendum</strong></span> <span class='ocrx_word' id='word_1_74' title='bbox 927 1410 968 1470; x_wconf 87' lang='lat' dir='ltr'><strong>dc</strong></span> <span class='ocrx_word' id='word_1_75' title='bbox 991 1413 1137 1569; x_wconf 84' lang='lat' dir='ltr'><strong>tempora</strong></span> <span class='ocrx_word' id='word_1_76' title='bbox 1204 1409 1205 1456; x_wconf 78' lang='lat' dir='ltr'><strong>t</strong></span> 
     </span>
     <span class='ocr_line' id='line_1_12' title="bbox 200 1506 621 1588; baseline -0.019 -13"><span class='ocrx_word' id='word_1_77' title='bbox 200 1514 292 1575; x_wconf 79' lang='lat' dir='ltr'><strong>terrae</strong></span> <span class='ocrx_word' id='word_1_78' title='bbox 307 1510 420 1587; x_wconf 86' lang='lat' dir='ltr'><strong>metus,</strong></span> <span class='ocrx_word' id='word_1_79' title='bbox 437 1506 544 1588; x_wconf 86' lang='lat' dir='ltr'><strong>pestis,</strong></span> <span class='ocrx_word' id='word_1_80' title='bbox 561 1511 621 1568; x_wconf 87' lang='lat' dir='ltr'><strong>etc.</strong></span> 
     </span>
    </p>

    <p class='ocr_par' dir='ltr' id='par_1_5' title="bbox 196 1602 1137 2257">
     <span class='ocr_line' id='line_1_13' title="bbox 240 1602 1137 1682; baseline -0.004 -13"><span class='ocrx_word' id='word_1_81' title='bbox 240 1608 397 1669; x_wconf 79' lang='lat' dir='ltr'><strong>Praeterea</strong></span> <span class='ocrx_word' id='word_1_82' title='bbox 410 1604 448 1667; x_wconf 88' lang='lat' dir='ltr'><strong>de</strong></span> <span class='ocrx_word' id='word_1_83' title='bbox 463 1603 615 1666; x_wconf 84' lang='lat' dir='ltr'><strong>altaribus</strong></span> <span class='ocrx_word' id='word_1_84' title='bbox 629 1602 761 1682; x_wconf 84' lang='lat' dir='ltr'><strong>lapideis</strong></span> <span class='ocrx_word' id='word_1_85' title='bbox 770 1608 934 1681; x_wconf 86' lang='lat' dir='ltr'><strong>receptum</strong></span> <span class='ocrx_word' id='word_1_86' title='bbox 943 1606 993 1665; x_wconf 91' lang='lat' dir='ltr'><strong>est</strong></span> <span class='ocrx_word' id='word_1_87' title='bbox 1005 1621 1137 1665; x_wconf 85' lang='lat' dir='ltr'><strong>necesso</strong></span> 
     </span>
     <span class='ocr_line' id='line_1_14' title="bbox 200 1698 1133 1786; baseline -0.003 -23"><span class='ocrx_word' id='word_1_88' title='bbox 200 1718 262 1765; x_wconf 88' lang='lat' dir='ltr'><strong>non</strong></span> <span class='ocrx_word' id='word_1_89' title='bbox 284 1718 352 1761; x_wconf 90' lang='lat' dir='ltr'><strong>essa</strong></span> <span class='ocrx_word' id='word_1_90' title='bbox 372 1704 408 1762; x_wconf 92' lang='lat' dir='ltr'><strong>ut</strong></span> <span class='ocrx_word' id='word_1_91' title='bbox 427 1700 490 1761; x_wconf 89' lang='lat' dir='ltr'><strong>sint</strong></span> <span class='ocrx_word' id='word_1_92' title='bbox 509 1700 582 1776; x_wconf 84' lang='lat' dir='ltr'><strong>lixa,</strong></span> <span class='ocrx_word' id='word_1_93' title='bbox 603 1700 658 1760; x_wconf 86' lang='lat' dir='ltr'><strong>scd</strong></span> <span class='ocrx_word' id='word_1_94' title='bbox 679 1702 710 1761; x_wconf 89' lang='lat' dir='ltr'><strong>ct</strong></span> <span class='ocrx_word' id='word_1_95' title='bbox 727 1698 886 1779; x_wconf 78' lang='lat' dir='ltr'><strong>portatilia</strong></span> <span class='ocrx_word' id='word_1_96' title='bbox 908 1698 1133 1786; x_wconf 86' lang='lat' dir='ltr'><strong>admittuntur,</strong></span> 
     </span>
     <span class='ocr_line' id='line_1_15' title="bbox 199 1792 1132 1877; baseline 0.001 -22"><span class='ocrx_word' id='word_1_97' title='bbox 199 1810 269 1877; x_wconf 82' lang='lat' dir='ltr'><strong>quoe</strong></span> <span class='ocrx_word' id='word_1_98' title='bbox 285 1792 479 1855; x_wconf 89' lang='lat' dir='ltr'><strong>consistunt</strong></span> <span class='ocrx_word' id='word_1_99' title='bbox 471 1810 503 1852; x_wconf 89' lang='lat' dir='ltr'><strong>1n</strong></span> <span class='ocrx_word' id='word_1_100' title='bbox 517 1796 608 1870; x_wconf 87' lang='lat' dir='ltr'><strong>petra</strong></span> <span class='ocrx_word' id='word_1_101' title='bbox 621 1793 714 1854; x_wconf 88' lang='lat' dir='ltr'><strong>simili</strong></span> <span class='ocrx_word' id='word_1_102' title='bbox 729 1793 836 1856; x_wconf 84' lang='lat' dir='ltr'><strong>altaris</strong></span> <span class='ocrx_word' id='word_1_103' title='bbox 850 1792 913 1854; x_wconf 87' lang='lat' dir='ltr'><strong>ritu</strong></span> <span class='ocrx_word' id='word_1_104' title='bbox 927 1792 968 1854; x_wconf 85' lang='lat' dir='ltr'><strong>ab</strong></span> <span class='ocrx_word' id='word_1_105' title='bbox 984 1795 1132 1873; x_wconf 83' lang='lat' dir='ltr'><strong>episcopo</strong></span> 
     </span>
     <span class='ocr_line' id='line_1_16' title="bbox 198 1889 1132 1954; baseline -0.003 0"><span class='ocrx_word' id='word_1_106' title='bbox 198 1891 390 1954; x_wconf 83' lang='lat' dir='ltr'><strong>consecrata.</strong></span> <span class='ocrx_word' id='word_1_107' title='bbox 404 1890 478 1951; x_wconf 82' lang='lat' dir='ltr'><strong>lloec</strong></span> <span class='ocrx_word' id='word_1_108' title='bbox 487 1891 620 1950; x_wconf 84' lang='lat' dir='ltr'><strong>vocatur</strong></span> <span class='ocrx_word' id='word_1_109' title='bbox 633 1889 742 1950; x_wconf 89' lang='lat' dir='ltr'><strong>tabula</strong></span> <span class='ocrx_word' id='word_1_110' title='bbox 755 1890 864 1950; x_wconf 90' lang='lat' dir='ltr'><strong>altaris</strong></span> <span class='ocrx_word' id='word_1_111' title='bbox 876 1890 909 1949; x_wconf 89' lang='lat' dir='ltr'><strong>in</strong></span> <span class='ocrx_word' id='word_1_112' title='bbox 924 1907 1048 1953; x_wconf 85' lang='lat' dir='ltr'><strong>canone</strong></span> <span class='ocrx_word' id='word_1_113' title='bbox 1062 1908 1132 1953; x_wconf 94' lang='lat' dir='ltr'><strong>con-</strong></span> 
     </span>
     <span class='ocr_line' id='line_1_17' title="bbox 198 1984 1132 2066; baseline -0.005 -15"><span class='ocrx_word' id='word_1_114' title='bbox 198 1984 348 2066; x_wconf 86' lang='lat' dir='ltr'><strong>cedimus,</strong></span> <span class='ocrx_word' id='word_1_115' title='bbox 370 1984 441 2049; x_wconf 85' lang='lat' dir='ltr'><strong>diat.</strong></span> <span class='ocrx_word' id='word_1_116' title='bbox 466 1988 514 2062; x_wconf 63' lang='grc' dir='ltr'><strong>νς</strong></span> <span class='ocrx_word' id='word_1_117' title='bbox 537 1984 686 2047; x_wconf 85' lang='lat' dir='ltr'><strong>viaticum</strong></span> <span class='ocrx_word' id='word_1_118' title='bbox 706 1985 804 2047; x_wconf 87' lang='lat' dir='ltr'><strong>altaro</strong></span> <span class='ocrx_word' id='word_1_119' title='bbox 823 1985 856 2045; x_wconf 90' lang='lat' dir='ltr'><strong>in</strong></span> <span class='ocrx_word' id='word_1_120' title='bbox 874 2004 901 2046; x_wconf 87' lang='lat' dir='ltr'><strong>c.</strong></span> <span class='ocrx_word' id='word_1_121' title='bbox 919 1986 1074 2066; x_wconf 88' lang='lat' dir='ltr'><strong>quoniam</strong></span> <span class='ocrx_word' id='word_1_122' title='bbox 1095 1985 1132 2046; x_wconf 87' lang='lat' dir='ltr'><strong>dc</strong></span> 
     </span>
     <span class='ocr_line' id='line_1_18' title="bbox 196 2081 1132 2166; baseline -0.002 -20"><span class='ocrx_word' id='word_1_123' title='bbox 196 2082 377 2166; x_wconf 79' lang='lat' dir='ltr'><strong>privilegiis,</strong></span> <span class='ocrx_word' id='word_1_124' title='bbox 395 2083 426 2146; x_wconf 91' lang='lat' dir='ltr'><strong>in</strong></span> <span class='ocrx_word' id='word_1_125' title='bbox 440 2087 482 2146; x_wconf 83' lang='lat'><strong>6⁰.</strong></span> <span class='ocrx_word' id='word_1_126' title='bbox 499 2086 547 2145; x_wconf 89' lang='lat' dir='ltr'><strong>lta</strong></span> <span class='ocrx_word' id='word_1_127' title='bbox 560 2083 607 2144; x_wconf 88' lang='lat' dir='ltr'><strong>rei</strong></span> <span class='ocrx_word' id='word_1_128' title='bbox 620 2081 828 2144; x_wconf 75' lang='lat' dir='ltr'><strong>commoditas</strong></span> <span class='ocrx_word' id='word_1_129' title='bbox 844 2101 917 2144; x_wconf 89' lang='lat' dir='ltr'><strong>cum</strong></span> <span class='ocrx_word' id='word_1_130' title='bbox 935 2083 1050 2161; x_wconf 87' lang='lat' dir='ltr'><strong>spiritu</strong></span> <span class='ocrx_word' id='word_1_131' title='bbox 1069 2084 1132 2144; x_wconf 89' lang='lat' dir='ltr'><strong>dis·</strong></span> 
     </span>
     <span class='ocr_line' id='line_1_19' title="bbox 197 2177 546 2257; baseline -0.006 -17"><span class='ocrx_word' id='word_1_132' title='bbox 197 2177 318 2257; x_wconf 86' lang='lat' dir='ltr'><strong>ciplinae</strong></span> <span class='ocrx_word' id='word_1_133' title='bbox 334 2195 475 2240; x_wconf 84' lang='lat' dir='ltr'><strong>connexa</strong></span> <span class='ocrx_word' id='word_1_134' title='bbox 489 2181 546 2240; x_wconf 87' lang='lat' dir='ltr'><strong>est.</strong></span> 
     </span>
    </p>

    <p class='ocr_par' dir='ltr' id='par_1_6' title="bbox 194 2271 1128 2537">
     <span class='ocr_line' id='line_1_20' title="bbox 236 2271 1127 2352; baseline -0.002 -18"><span class='ocrx_word' id='word_1_135' title='bbox 236 2272 409 2334; x_wconf 74' lang='lat' dir='ltr'><strong>orientales</strong></span> <span class='ocrx_word' id='word_1_136' title='bbox 428 2272 497 2334; x_wconf 92' lang='lat' dir='ltr'><strong>loco</strong></span> <span class='ocrx_word' id='word_1_137' title='bbox 519 2276 618 2352; x_wconf 76' lang='lat' dir='ltr'><strong>petum</strong></span> <span class='ocrx_word' id='word_1_138' title='bbox 643 2276 760 2334; x_wconf 83' lang='lat' dir='ltr'><strong>sanctae</strong></span> <span class='ocrx_word' id='word_1_139' title='bbox 785 2276 916 2333; x_wconf 86' lang='lat' dir='ltr'><strong>utuntur</strong></span> <span class='ocrx_word' id='word_1_140' title='bbox 938 2271 1127 2352; x_wconf 84' lang='lat' dir='ltr'><strong>quibusdam</strong></span> 
     </span>
     <span class='ocr_line' id='line_1_21' title="bbox 195 2366 1128 2448; baseline 0.002 -20"><span class='ocrx_word' id='word_1_141' title='bbox 195 2366 306 2446; x_wconf 86' lang='lat' dir='ltr'><strong>pennis</strong></span> <span class='ocrx_word' id='word_1_142' title='bbox 321 2367 433 2428; x_wconf 89' lang='lat' dir='ltr'><strong>eodem</strong></span> <span class='ocrx_word' id='word_1_143' title='bbox 448 2367 509 2428; x_wconf 88' lang='lat' dir='ltr'><strong>ritu</strong></span> <span class='ocrx_word' id='word_1_144' title='bbox 523 2368 715 2430; x_wconf 89' lang='lat' dir='ltr'><strong>consecratis</strong></span> <span class='ocrx_word' id='word_1_145' title='bbox 731 2384 793 2448; x_wconf 81' lang='lat' dir='ltr'><strong>quo</strong></span> <span class='ocrx_word' id='word_1_146' title='bbox 812 2372 1038 2430; x_wconf 84' lang='lat' dir='ltr'><strong>consecrantur</strong></span> <span class='ocrx_word' id='word_1_147' title='bbox 1052 2369 1128 2430; x_wconf 87' lang='lat' dir='ltr'><strong>alta-</strong></span> 
     </span>
     <span class='ocr_line' id='line_1_22' title="bbox 194 2461 648 2537; baseline 0.004 -13"><span class='ocrx_word' id='word_1_148' title='bbox 194 2461 251 2537; x_wconf 86' lang='lat' dir='ltr'><strong>ria,</strong></span> <span class='ocrx_word' id='word_1_149' title='bbox 269 2466 301 2522; x_wconf 89' lang='lat' dir='ltr'><strong>et</strong></span> <span class='ocrx_word' id='word_1_150' title='bbox 313 2465 428 2524; x_wconf 83' lang='lat' dir='ltr'><strong>vocant</strong></span> <span class='ocrx_word' id='word_1_151' title='bbox 442 2462 648 2526; x_wconf 82' lang='lat' dir='ltr'><strong>sntimsnsiae.</strong></span> 
     </span>
    </p>

    <p class='ocr_par' dir='ltr' id='par_1_7' title="bbox 193 2557 1125 2734">
     <span class='ocr_line' id='line_1_23' title="bbox 235 2557 1125 2639; baseline 0.001 -21"><span class='ocrx_word' id='word_1_152' title='bbox 235 2557 392 2620; x_wconf 82' lang='lat' dir='ltr'><strong>Proeteres</strong></span> <span class='ocrx_word' id='word_1_153' title='bbox 403 2560 434 2619; x_wconf 91' lang='lat' dir='ltr'><strong>et</strong></span> <span class='ocrx_word' id='word_1_154' title='bbox 447 2557 576 2620; x_wconf 84' lang='lat' dir='ltr'><strong>inducta</strong></span> <span class='ocrx_word' id='word_1_155' title='bbox 586 2561 659 2620; x_wconf 89' lang='lat' dir='ltr'><strong>snut</strong></span> <span class='ocrx_word' id='word_1_156' title='bbox 667 2557 833 2638; x_wconf 78' lang='lat' dir='ltr'><strong>privilegia</strong></span> <span class='ocrx_word' id='word_1_157' title='bbox 844 2559 1056 2622; x_wconf 89' lang='lat' dir='ltr'><strong>oratoriorum</strong></span> <span class='ocrx_word' id='word_1_158' title='bbox 1065 2559 1125 2639; x_wconf 91' lang='lat' dir='ltr'><strong>pri-</strong></span> 
     </span>
     <span class='ocr_line' id='line_1_24' title="bbox 193 2654 763 2734; baseline 0 -18"><span class='ocrx_word' id='word_1_159' title='bbox 193 2654 338 2716; x_wconf 86' lang='lat' dir='ltr'><strong>vatorum</strong></span> <span class='ocrx_word' id='word_1_160' title='bbox 353 2656 383 2716; x_wconf 91' lang='lat' dir='ltr'><strong>et</strong></span> <span class='ocrx_word' id='word_1_161' title='bbox 398 2654 543 2716; x_wconf 90' lang='lat' dir='ltr'><strong>altarium</strong></span> <span class='ocrx_word' id='word_1_162' title='bbox 558 2655 763 2734; x_wconf 85' lang='lat' dir='ltr'><strong>portatilinm.</strong></span> 
     </span>
    </p>

    <p class='ocr_par' dir='ltr' id='par_1_8' title="bbox 188 2749 1203 3602">
     <span class='ocr_line' id='line_1_25' title="bbox 233 2749 1124 2832; baseline -0.002 -19"><span class='ocrx_word' id='word_1_163' title='bbox 233 2749 433 2832; x_wconf 82' lang='lat' dir='ltr'><strong>Privilegium</strong></span> <span class='ocrx_word' id='word_1_164' title='bbox 452 2751 559 2813; x_wconf 85' lang='lat' dir='ltr'><strong>altaris</strong></span> <span class='ocrx_word' id='word_1_165' title='bbox 578 2751 732 2829; x_wconf 87' lang='lat' dir='ltr'><strong>portatilis</strong></span> <span class='ocrx_word' id='word_1_166' title='bbox 751 2770 787 2812; x_wconf 86' lang='lat' dir='ltr'><strong>cx</strong></span> <span class='ocrx_word' id='word_1_167' title='bbox 803 2755 834 2812; x_wconf 80' lang='lat'><strong>5⁰</strong></span> <span class='ocrx_word' id='word_1_168' title='bbox 849 2770 919 2829; x_wconf 89' lang='lat' dir='ltr'><strong>cap.</strong></span> <span class='ocrx_word' id='word_1_169' title='bbox 937 2753 1124 2823; x_wconf 85' lang='lat' dir='ltr'><strong>Quoniama</strong></span> 
     </span>
     <span class='ocr_line' id='line_1_26' title="bbox 191 2847 1123 2927; baseline -0.002 -18"><span class='ocrx_word' id='word_1_170' title='bbox 191 2847 291 2912; x_wconf 84' lang='lat' dir='ltr'><strong>Bonii.</strong></span> <span class='ocrx_word' id='word_1_171' title='bbox 309 2851 378 2912; x_wconf 89' lang='lat' dir='ltr'><strong>vlll</strong></span> <span class='ocrx_word' id='word_1_172' title='bbox 394 2848 540 2912; x_wconf 89' lang='lat' dir='ltr'><strong>omnibus</strong></span> <span class='ocrx_word' id='word_1_173' title='bbox 555 2865 739 2910; x_wconf 87' lang='lat' dir='ltr'><strong>concessum</strong></span> <span class='ocrx_word' id='word_1_174' title='bbox 749 2854 798 2908; x_wconf 87' lang='lat' dir='ltr'><strong>est</strong></span> <span class='ocrx_word' id='word_1_175' title='bbox 809 2847 966 2927; x_wconf 89' lang='lat' dir='ltr'><strong>episcopis</strong></span> <span class='ocrx_word' id='word_1_176' title='bbox 980 2851 1013 2909; x_wconf 90' lang='lat' dir='ltr'><strong>et</strong></span> <span class='ocrx_word' id='word_1_177' title='bbox 1026 2848 1123 2910; x_wconf 75' lang='lat' dir='ltr'><strong>cardi</strong></span> 
     </span>
     <span class='ocr_line' id='line_1_27' title="bbox 191 2945 1203 3024; baseline -0.004 -18"><span class='ocrx_word' id='word_1_178' title='bbox 191 2945 323 3008; x_wconf 89' lang='lat' dir='ltr'><strong>nalibns.</strong></span> <span class='ocrx_word' id='word_1_179' title='bbox 348 2945 445 3008; x_wconf 81' lang='lat' dir='ltr'><strong>illem.</strong></span> <span class='ocrx_word' id='word_1_180' title='bbox 467 2946 526 3022; x_wconf 82' lang='lat' dir='ltr'><strong>xl,</strong></span> <span class='ocrx_word' id='word_1_181' title='bbox 553 2963 651 3024; x_wconf 84' lang='lat' dir='ltr'><strong>quum</strong></span> <span class='ocrx_word' id='word_1_182' title='bbox 672 2945 938 3007; x_wconf 86' lang='lat' dir='ltr'><strong>animadverteret</strong></span> <span class='ocrx_word' id='word_1_183' title='bbox 960 2945 1122 3023; x_wconf 86' lang='lat' dir='ltr'><strong>episcopos</strong></span> <span class='ocrx_word' id='word_1_184' title='bbox 1202 3002 1203 3023; x_wconf 18' lang='grc' dir='ltr'>ἶ</span> 
     </span>
     <span class='ocr_line' id='line_1_28' title="bbox 188 3039 1203 3122; baseline -0.002 -20"><span class='ocrx_word' id='word_1_185' title='bbox 188 3041 343 3122; x_wconf 85' lang='lat' dir='ltr'><strong>quosdam</strong></span> <span class='ocrx_word' id='word_1_186' title='bbox 358 3059 395 3102; x_wconf 89' lang='lat' dir='ltr'><strong>ao</strong></span> <span class='ocrx_word' id='word_1_187' title='bbox 404 3040 569 3120; x_wconf 81' lang='lat' dir='ltr'><strong>privilegio</strong></span> <span class='ocrx_word' id='word_1_188' title='bbox 580 3039 688 3116; x_wconf 87' lang='lat' dir='ltr'><strong>abuto,</strong></span> <span class='ocrx_word' id='word_1_189' title='bbox 700 3042 811 3103; x_wconf 84' lang='lat' dir='ltr'><strong>statuit</strong></span> <span class='ocrx_word' id='word_1_190' title='bbox 821 3059 860 3100; x_wconf 88' lang='lat' dir='ltr'><strong>ne</strong></span> <span class='ocrx_word' id='word_1_191' title='bbox 871 3039 942 3120; x_wconf 90' lang='lat' dir='ltr'><strong>quis</strong></span> <span class='ocrx_word' id='word_1_192' title='bbox 956 3041 1121 3118; x_wconf 88' lang='lat' dir='ltr'><strong>episcopus</strong></span> <span class='ocrx_word' id='word_1_193' title='bbox 1202 3040 1203 3119; x_wconf 62' lang='lat' dir='ltr'><strong>t</strong></span> 
     </span>
     <span class='ocr_line' id='line_1_29' title="bbox 189 3126 1203 3199; baseline -0.002 -1"><span class='ocrx_word' id='word_1_194' title='bbox 189 3137 239 3198; x_wconf 87' lang='lat' dir='ltr'><strong>val</strong></span> <span class='ocrx_word' id='word_1_195' title='bbox 260 3136 428 3197; x_wconf 87' lang='lat' dir='ltr'><strong>cardinalis</strong></span> <span class='ocrx_word' id='word_1_196' title='bbox 448 3139 537 3198; x_wconf 86' lang='lat' dir='ltr'><strong>extra</strong></span> <span class='ocrx_word' id='word_1_197' title='bbox 558 3155 649 3198; x_wconf 88' lang='lat' dir='ltr'><strong>suam</strong></span> <span class='ocrx_word' id='word_1_198' title='bbox 666 3136 796 3198; x_wconf 91' lang='lat' dir='ltr'><strong>domum</strong></span> <span class='ocrx_word' id='word_1_199' title='bbox 817 3136 876 3199; x_wconf 90' lang='lat' dir='ltr'><strong>isto</strong></span> <span class='ocrx_word' id='word_1_200' title='bbox 898 3141 1051 3199; x_wconf 83' lang='lat' dir='ltr'><strong>uteretur.</strong></span> <span class='ocrx_word' id='word_1_201' title='bbox 1073 3139 1122 3197; x_wconf 90' lang='lat' dir='ltr'><strong>ln·</strong></span> <span class='ocrx_word' id='word_1_202' title='bbox 1202 3126 1203 3147; x_wconf 63' lang='lat'><em>²</em></span> 
     </span>
     <span class='ocr_line' id='line_1_30' title="bbox 189 3230 1119 3311; baseline -0.001 -17"><span class='ocrx_word' id='word_1_203' title='bbox 189 3248 259 3294; x_wconf 91' lang='lat' dir='ltr'><strong>noc.</strong></span> <span class='ocrx_word' id='word_1_204' title='bbox 277 3233 346 3294; x_wconf 87' lang='lat' dir='ltr'><strong>Xlll</strong></span> <span class='ocrx_word' id='word_1_205' title='bbox 362 3230 534 3293; x_wconf 82' lang='lat' dir='ltr'><strong>declaravit</strong></span> <span class='ocrx_word' id='word_1_206' title='bbox 552 3231 612 3294; x_wconf 85' lang='lat' dir='ltr'><strong>sub</strong></span> <span class='ocrx_word' id='word_1_207' title='bbox 631 3233 690 3294; x_wconf 88' lang='lat' dir='ltr'><strong>hoc</strong></span> <span class='ocrx_word' id='word_1_208' title='bbox 709 3232 920 3311; x_wconf 85' lang='lat' dir='ltr'><strong>prohibitione</strong></span> <span class='ocrx_word' id='word_1_209' title='bbox 939 3251 1003 3294; x_wconf 92' lang='lat' dir='ltr'><strong>non</strong></span> <span class='ocrx_word' id='word_1_210' title='bbox 1021 3233 1119 3310; x_wconf 81' lang='lat' dir='ltr'><strong>excipi</strong></span> 
     </span>
     <span class='ocr_line' id='line_1_31' title="bbox 189 3327 1120 3410; baseline 0 -21"><span class='ocrx_word' id='word_1_211' title='bbox 189 3328 317 3390; x_wconf 86' lang='lat' dir='ltr'><strong>domum</strong></span> <span class='ocrx_word' id='word_1_212' title='bbox 332 3327 386 3388; x_wconf 89' lang='lat' dir='ltr'><strong>ubi</strong></span> <span class='ocrx_word' id='word_1_213' title='bbox 401 3327 566 3407; x_wconf 85' lang='lat' dir='ltr'><strong>episcopus</strong></span> <span class='ocrx_word' id='word_1_214' title='bbox 582 3333 734 3410; x_wconf 81' lang='lat' dir='ltr'><strong>tanquam</strong></span> <span class='ocrx_word' id='word_1_215' title='bbox 746 3331 861 3409; x_wconf 84' lang='lat' dir='ltr'><strong>hospes</strong></span> <span class='ocrx_word' id='word_1_216' title='bbox 871 3333 1059 3408; x_wconf 79' lang='lat' dir='ltr'><strong>moraretur,</strong></span> <span class='ocrx_word' id='word_1_217' title='bbox 1071 3329 1120 3391; x_wconf 86' lang='lat' dir='ltr'><strong>vel</strong></span> 
     </span>
     <span class='ocr_line' id='line_1_32' title="bbox 188 3423 1117 3506; baseline -0.001 -21"><span class='ocrx_word' id='word_1_218' title='bbox 188 3423 241 3486; x_wconf 89' lang='lat' dir='ltr'><strong>ubi</strong></span> <span class='ocrx_word' id='word_1_219' title='bbox 262 3441 334 3486; x_wconf 92' lang='lat' dir='ltr'><strong>cum</strong></span> <span class='ocrx_word' id='word_1_220' title='bbox 356 3423 463 3485; x_wconf 88' lang='lat' dir='ltr'><strong>debite</strong></span> <span class='ocrx_word' id='word_1_221' title='bbox 483 3424 610 3488; x_wconf 89' lang='lat' dir='ltr'><strong>licentia</strong></span> <span class='ocrx_word' id='word_1_222' title='bbox 630 3426 781 3488; x_wconf 88' lang='lat' dir='ltr'><strong>ordinarii</strong></span> <span class='ocrx_word' id='word_1_223' title='bbox 801 3426 941 3506; x_wconf 78' lang='lat' dir='ltr'><strong>degeret.</strong></span> <span class='ocrx_word' id='word_1_224' title='bbox 964 3428 1065 3488; x_wconf 88' lang='lat' dir='ltr'><strong>Immo</strong></span> <span class='ocrx_word' id='word_1_225' title='bbox 1086 3425 1117 3484; x_wconf 91' lang='lat' dir='ltr'><strong>in</strong></span> 
     </span>
     <span class='ocr_line' id='line_1_33' title="bbox 188 3519 1114 3602; baseline 0 -18"><span class='ocrx_word' id='word_1_226' title='bbox 188 3520 330 3584; x_wconf 87' lang='lat' dir='ltr'><strong>oratoriis</strong></span> <span class='ocrx_word' id='word_1_227' title='bbox 345 3519 475 3599; x_wconf 84' lang='lat' dir='ltr'><strong>privatis</strong></span> <span class='ocrx_word' id='word_1_228' title='bbox 489 3537 544 3582; x_wconf 91' lang='lat' dir='ltr'><strong>seu</strong></span> <span class='ocrx_word' id='word_1_229' title='bbox 558 3522 687 3599; x_wconf 86' lang='lat' dir='ltr'><strong>capellis</strong></span> <span class='ocrx_word' id='word_1_230' title='bbox 700 3523 919 3602; x_wconf 88' lang='lat' dir='ltr'><strong>episcoporum</strong></span> <span class='ocrx_word' id='word_1_231' title='bbox 929 3523 1114 3588; x_wconf 84' lang='lat' dir='ltr'><strong>stcardina-</strong></span> 
     </span>
    </p>
   </div>
   <div class='ocr_carea' id='block_1_4' title="bbox 0 0 1226 4125">
    <p class='ocr_par' dir='ltr' id='par_1_9' title="bbox 0 0 1226 4125">
     <span class='ocr_line' id='line_1_34' title="bbox 0 0 1226 4125; baseline 0 5"><span class='ocrx_word' id='word_1_232' title='bbox 0 0 1226 4125; x_wconf 95' lang='lat' dir='ltr'><strong> </strong></span> 
     </span>
    </p>
   </div>
  </div>
 </body>
</html>
