<?xml version="1.0" encoding="UTF-8"?>
<!DOCTYPE html PUBLIC "-//W3C//DTD XHTML 1.0 Transitional//EN"
    "http://www.w3.org/TR/xhtml1/DTD/xhtml1-transitional.dtd">
<html xmlns="http://www.w3.org/1999/xhtml" xml:lang="en" lang="en">
 <head>
  <title>
</title>
<meta http-equiv="Content-Type" content="text/html;charset=utf-8" />
  <meta name='ocr-system' content='tesseract 3.04.00' />
  <meta name='ocr-capabilities' content='ocr_page ocr_carea ocr_par ocr_line ocrx_word'/>
</head>
<body>
  <div class='ocr_page' id='page_1' title='image "./institutionesju04marigoog_0303.png"; bbox 0 0 2442 4125; ppageno 0'>
   <div class='ocr_carea' id='block_1_1' title="bbox 313 351 1012 411">
    <p class='ocr_par' dir='ltr' id='par_1_1' title="bbox 313 351 1012 411">
     <span class='ocr_line' id='line_1_1' title="bbox 313 351 1012 411; baseline 0.017 -12"><span class='ocrx_word' id='word_1_1' title='bbox 313 357 352 399; x_wconf 86' lang='lat' dir='ltr'><strong>on</strong></span> <span class='ocrx_word' id='word_1_2' title='bbox 373 355 504 402; x_wconf 77' lang='lat' dir='ltr'><strong>onsecro</strong></span> <span class='ocrx_word' id='word_1_3' title='bbox 523 356 606 402; x_wconf 75' lang='lat' dir='ltr'><strong>rou1s</strong></span> <span class='ocrx_word' id='word_1_4' title='bbox 628 357 784 405; x_wconf 75' lang='lat' dir='ltr'><strong>canonici.</strong></span> <span class='ocrx_word' id='word_1_5' title='bbox 955 351 1012 411; x_wconf 76' lang='lat'><strong>293</strong></span> 
     </span>
    </p>
   </div>
   <div class='ocr_carea' id='block_1_2' title="bbox 69 498 1014 775">
    <p class='ocr_par' dir='ltr' id='par_1_2' title="bbox 69 498 1014 775">
     <span class='ocr_line' id='line_1_2' title="bbox 70 498 1014 584; baseline 0.003 -19"><span class='ocrx_word' id='word_1_6' title='bbox 70 501 364 565; x_wconf 84' lang='lat' dir='ltr'><strong>Proximusautem</strong></span> <span class='ocrx_word' id='word_1_7' title='bbox 378 502 484 562; x_wconf 88' lang='lat' dir='ltr'><strong>noster</strong></span> <span class='ocrx_word' id='word_1_8' title='bbox 498 498 615 562; x_wconf 84' lang='lat' dir='ltr'><strong>dieitur</strong></span> <span class='ocrx_word' id='word_1_9' title='bbox 633 501 763 581; x_wconf 79' lang='lat' dir='ltr'><strong>quilibet</strong></span> <span class='ocrx_word' id='word_1_10' title='bbox 783 503 925 584; x_wconf 87' lang='lat' dir='ltr'><strong>ejusdem</strong></span> <span class='ocrx_word' id='word_1_11' title='bbox 943 507 1014 568; x_wconf 86' lang='lat' dir='ltr'><strong>flnis</strong></span> 
     </span>
     <span class='ocr_line' id='line_1_3' title="bbox 69 595 1013 676; baseline 0.001 -16"><span class='ocrx_word' id='word_1_12' title='bbox 69 595 293 676; x_wconf 86' lang='lat' dir='ltr'><strong>consequendi</strong></span> <span class='ocrx_word' id='word_1_13' title='bbox 307 595 390 674; x_wconf 88' lang='lat' dir='ltr'><strong>potis</strong></span> <span class='ocrx_word' id='word_1_14' title='bbox 411 598 468 657; x_wconf 88' lang='lat' dir='ltr'><strong>est.</strong></span> <span class='ocrx_word' id='word_1_15' title='bbox 491 595 549 656; x_wconf 88' lang='lat' dir='ltr'><strong>llic</strong></span> <span class='ocrx_word' id='word_1_16' title='bbox 568 601 677 656; x_wconf 87' lang='lat' dir='ltr'><strong>autem</strong></span> <span class='ocrx_word' id='word_1_17' title='bbox 696 599 886 676; x_wconf 81' lang='lat' dir='ltr'><strong>potestesse</strong></span> <span class='ocrx_word' id='word_1_18' title='bbox 907 605 962 661; x_wconf 86' lang='lat' dir='ltr'><strong>aut</strong></span> <span class='ocrx_word' id='word_1_19' title='bbox 981 601 1013 661; x_wconf 94' lang='lat' dir='ltr'><strong>in</strong></span> 
     </span>
     <span class='ocr_line' id='line_1_4' title="bbox 70 691 1014 775; baseline 0.002 -20"><span class='ocrx_word' id='word_1_20' title='bbox 70 693 226 775; x_wconf 74' lang='lat' dir='ltr'><strong>praesenti</strong></span> <span class='ocrx_word' id='word_1_21' title='bbox 246 695 303 754; x_wconf 84' lang='lat' dir='ltr'><strong>aut</strong></span> <span class='ocrx_word' id='word_1_22' title='bbox 320 693 352 752; x_wconf 92' lang='lat' dir='ltr'><strong>in</strong></span> <span class='ocrx_word' id='word_1_23' title='bbox 376 691 475 754; x_wconf 86' lang='lat' dir='ltr'><strong>altera</strong></span> <span class='ocrx_word' id='word_1_24' title='bbox 497 692 574 769; x_wconf 83' lang='lat' dir='ltr'><strong>vita,</strong></span> <span class='ocrx_word' id='word_1_25' title='bbox 596 709 671 753; x_wconf 85' lang='lat' dir='ltr'><strong>nam</strong></span> <span class='ocrx_word' id='word_1_26' title='bbox 693 709 778 754; x_wconf 93' lang='lat' dir='ltr'><strong>mors</strong></span> <span class='ocrx_word' id='word_1_27' title='bbox 802 694 972 757; x_wconf 85' lang='lat' dir='ltr'><strong>christiana</strong></span> <span class='ocrx_word' id='word_1_28' title='bbox 995 714 1014 757; x_wconf 87' lang='lat' dir='ltr'><strong>a</strong></span> 
     </span>
    </p>
   </div>
   <div class='ocr_carea' id='block_1_3' title="bbox 69 788 1014 961">
    <p class='ocr_par' dir='ltr' id='par_1_3' title="bbox 69 788 1014 961">
     <span class='ocr_line' id='line_1_5' title="bbox 69 788 1013 865; baseline 0.001 -12"><span class='ocrx_word' id='word_1_29' title='bbox 69 794 142 853; x_wconf 89' lang='lat' dir='ltr'><strong>flne</strong></span> <span class='ocrx_word' id='word_1_30' title='bbox 157 792 264 851; x_wconf 87' lang='lat' dir='ltr'><strong>nostro</strong></span> <span class='ocrx_word' id='word_1_31' title='bbox 279 789 388 852; x_wconf 92' lang='lat' dir='ltr'><strong>ultimo</strong></span> <span class='ocrx_word' id='word_1_32' title='bbox 403 805 464 849; x_wconf 94' lang='lat' dir='ltr'><strong>non</strong></span> <span class='ocrx_word' id='word_1_33' title='bbox 481 788 606 865; x_wconf 81' lang='lat' dir='ltr'><strong>avertit,</strong></span> <span class='ocrx_word' id='word_1_34' title='bbox 622 790 718 850; x_wconf 91' lang='lat' dir='ltr'><strong>immo</strong></span> <span class='ocrx_word' id='word_1_35' title='bbox 737 791 812 853; x_wconf 88' lang='lat' dir='ltr'><strong>facit</strong></span> <span class='ocrx_word' id='word_1_36' title='bbox 825 795 860 853; x_wconf 92' lang='lat' dir='ltr'><strong>ut</strong></span> <span class='ocrx_word' id='word_1_37' title='bbox 878 792 919 852; x_wconf 89' lang='lat' dir='ltr'><strong>ad</strong></span> <span class='ocrx_word' id='word_1_38' title='bbox 940 809 1013 854; x_wconf 89' lang='lat' dir='ltr'><strong>eum</strong></span> 
     </span>
     <span class='ocr_line' id='line_1_6' title="bbox 71 880 1014 961; baseline 0.002 -17"><span class='ocrx_word' id='word_1_39' title='bbox 71 881 287 944; x_wconf 87' lang='lat' dir='ltr'><strong>obtinendum</strong></span> <span class='ocrx_word' id='word_1_40' title='bbox 301 880 509 942; x_wconf 85' lang='lat' dir='ltr'><strong>accedamus:</strong></span> <span class='ocrx_word' id='word_1_41' title='bbox 527 881 668 961; x_wconf 89' lang='lat' dir='ltr'><strong>quandiu</strong></span> <span class='ocrx_word' id='word_1_42' title='bbox 684 882 767 942; x_wconf 90' lang='lat' dir='ltr'><strong>enim</strong></span> <span class='ocrx_word' id='word_1_43' title='bbox 782 885 932 945; x_wconf 88' lang='lat' dir='ltr'><strong>sumusin</strong></span> <span class='ocrx_word' id='word_1_44' title='bbox 943 902 1014 946; x_wconf 86' lang='lat' dir='ltr'><strong>cor-</strong></span> 
     </span>
    </p>
   </div>
   <div class='ocr_carea' id='block_1_4' title="bbox 71 976 1015 1734">
    <p class='ocr_par' dir='ltr' id='par_1_4' title="bbox 71 976 1015 1734">
     <span class='ocr_line' id='line_1_7' title="bbox 74 976 1014 1060; baseline 0.004 -21"><span class='ocrx_word' id='word_1_45' title='bbox 74 995 171 1058; x_wconf 87' lang='lat' dir='ltr'><strong>pore,</strong></span> <span class='ocrx_word' id='word_1_46' title='bbox 186 976 426 1057; x_wconf 77' lang='lat' dir='ltr'><strong>peregrinamur</strong></span> <span class='ocrx_word' id='word_1_47' title='bbox 443 994 464 1037; x_wconf 87' lang='lat' dir='ltr'><strong>a</strong></span> <span class='ocrx_word' id='word_1_48' title='bbox 476 977 621 1053; x_wconf 86' lang='lat' dir='ltr'><strong>Domino,</strong></span> <span class='ocrx_word' id='word_1_49' title='bbox 637 978 663 1038; x_wconf 93' lang='lat' dir='ltr'><strong>ll</strong></span> <span class='ocrx_word' id='word_1_50' title='bbox 682 977 821 1040; x_wconf 79' lang='lat' dir='ltr'><strong>Corinth.</strong></span> <span class='ocrx_word' id='word_1_51' title='bbox 847 997 878 1056; x_wconf 89' lang='lat' dir='ltr'><strong>v,</strong></span> <span class='ocrx_word' id='word_1_52' title='bbox 902 983 931 1043; x_wconf 90' lang='lat'><strong>8.</strong></span> <span class='ocrx_word' id='word_1_53' title='bbox 957 999 1014 1060; x_wconf 87' lang='lat' dir='ltr'><strong>per</strong></span> 
     </span>
     <span class='ocr_line' id='line_1_8' title="bbox 71 1075 1014 1155; baseline 0.004 -18"><span class='ocrx_word' id='word_1_54' title='bbox 71 1076 176 1138; x_wconf 86' lang='lat' dir='ltr'><strong>fldem</strong></span> <span class='ocrx_word' id='word_1_55' title='bbox 196 1076 280 1136; x_wconf 88' lang='lat' dir='ltr'><strong>enim</strong></span> <span class='ocrx_word' id='word_1_56' title='bbox 304 1075 503 1148; x_wconf 85' lang='lat' dir='ltr'><strong>ambulamus</strong></span> <span class='ocrx_word' id='word_1_57' title='bbox 523 1080 556 1138; x_wconf 89' lang='lat' dir='ltr'><strong>et</strong></span> <span class='ocrx_word' id='word_1_58' title='bbox 577 1093 641 1137; x_wconf 94' lang='lat' dir='ltr'><strong>non</strong></span> <span class='ocrx_word' id='word_1_59' title='bbox 664 1093 722 1154; x_wconf 88' lang='lat' dir='ltr'><strong>per</strong></span> <span class='ocrx_word' id='word_1_60' title='bbox 745 1077 902 1155; x_wconf 79' lang='lat' dir='ltr'><strong>speciem3</strong></span> <span class='ocrx_word' id='word_1_61' title='bbox 930 1081 1014 1141; x_wconf 91' lang='lat' dir='ltr'><strong>unde</strong></span> 
     </span>
     <span class='ocr_line' id='line_1_9' title="bbox 72 1171 1015 1254; baseline 0.003 -21"><span class='ocrx_word' id='word_1_62' title='bbox 72 1171 234 1233; x_wconf 86' lang='lat' dir='ltr'><strong>audemus</strong></span> <span class='ocrx_word' id='word_1_63' title='bbox 248 1174 281 1233; x_wconf 81' lang='lat' dir='ltr'><strong>et</strong></span> <span class='ocrx_word' id='word_1_64' title='bbox 293 1171 411 1233; x_wconf 87' lang='lat' dir='ltr'><strong>bonam</strong></span> <span class='ocrx_word' id='word_1_65' title='bbox 425 1172 620 1235; x_wconf 85' lang='lat' dir='ltr'><strong>voluntatem</strong></span> <span class='ocrx_word' id='word_1_66' title='bbox 634 1171 789 1234; x_wconf 81' lang='lat' dir='ltr'><strong>habemus</strong></span> <span class='ocrx_word' id='word_1_67' title='bbox 808 1175 909 1254; x_wconf 76' lang='lat' dir='ltr'><strong>magis</strong></span> <span class='ocrx_word' id='word_1_68' title='bbox 923 1193 1015 1254; x_wconf 87' lang='lat' dir='ltr'><strong>pere-</strong></span> 
     </span>
     <span class='ocr_line' id='line_1_10' title="bbox 72 1268 1014 1349; baseline 0.005 -20"><span class='ocrx_word' id='word_1_69' title='bbox 72 1268 199 1349; x_wconf 81' lang='lat' dir='ltr'><strong>grinari</strong></span> <span class='ocrx_word' id='word_1_70' title='bbox 212 1287 233 1330; x_wconf 87' lang='lat' dir='ltr'><strong>a</strong></span> <span class='ocrx_word' id='word_1_71' title='bbox 245 1286 377 1348; x_wconf 87' lang='lat' dir='ltr'><strong>corpore</strong></span> <span class='ocrx_word' id='word_1_72' title='bbox 388 1274 424 1330; x_wconf 86' lang='lat' dir='ltr'><strong>et</strong></span> <span class='ocrx_word' id='word_1_73' title='bbox 436 1271 608 1348; x_wconf 75' lang='lat' dir='ltr'><strong>presentes</strong></span> <span class='ocrx_word' id='word_1_74' title='bbox 619 1287 687 1331; x_wconf 88' lang='lat' dir='ltr'><strong>esse</strong></span> <span class='ocrx_word' id='word_1_75' title='bbox 697 1269 737 1332; x_wconf 86' lang='lat' dir='ltr'><strong>ad</strong></span> <span class='ocrx_word' id='word_1_76' title='bbox 748 1270 925 1333; x_wconf 84' lang='lat' dir='ltr'><strong>Dominum.</strong></span> <span class='ocrx_word' id='word_1_77' title='bbox 936 1273 1014 1334; x_wconf 84' lang='lat' dir='ltr'><strong>Gum</strong></span> 
     </span>
     <span class='ocr_line' id='line_1_11' title="bbox 72 1367 1012 1448; baseline 0.003 -18"><span class='ocrx_word' id='word_1_78' title='bbox 72 1385 157 1448; x_wconf 81' lang='lat' dir='ltr'><strong>ergo</strong></span> <span class='ocrx_word' id='word_1_79' title='bbox 170 1386 256 1430; x_wconf 91' lang='lat' dir='ltr'><strong>mors</strong></span> <span class='ocrx_word' id='word_1_80' title='bbox 276 1367 448 1430; x_wconf 83' lang='lat' dir='ltr'><strong>christiana</strong></span> <span class='ocrx_word' id='word_1_81' title='bbox 475 1367 638 1431; x_wconf 85' lang='lat' dir='ltr'><strong>charitatis</strong></span> <span class='ocrx_word' id='word_1_82' title='bbox 666 1367 792 1430; x_wconf 84' lang='lat' dir='ltr'><strong>vincula</strong></span> <span class='ocrx_word' id='word_1_83' title='bbox 811 1388 874 1431; x_wconf 91' lang='lat' dir='ltr'><strong>non</strong></span> <span class='ocrx_word' id='word_1_84' title='bbox 895 1370 1012 1447; x_wconf 82' lang='lat' dir='ltr'><strong>solvat,</strong></span> 
     </span>
     <span class='ocr_line' id='line_1_12' title="bbox 71 1460 1014 1542; baseline 0.002 -20"><span class='ocrx_word' id='word_1_85' title='bbox 71 1461 153 1522; x_wconf 91' lang='lat' dir='ltr'><strong>inde</strong></span> <span class='ocrx_word' id='word_1_86' title='bbox 168 1460 352 1522; x_wconf 78' lang='lat' dir='ltr'><strong>exercitium</strong></span> <span class='ocrx_word' id='word_1_87' title='bbox 366 1460 529 1523; x_wconf 85' lang='lat' dir='ltr'><strong>eharitatis</strong></span> <span class='ocrx_word' id='word_1_88' title='bbox 546 1460 578 1522; x_wconf 93' lang='lat' dir='ltr'><strong>in</strong></span> <span class='ocrx_word' id='word_1_89' title='bbox 592 1463 772 1541; x_wconf 85' lang='lat' dir='ltr'><strong>proximum</strong></span> <span class='ocrx_word' id='word_1_90' title='bbox 786 1466 891 1542; x_wconf 89' lang='lat' dir='ltr'><strong>potest</strong></span> <span class='ocrx_word' id='word_1_91' title='bbox 909 1464 1014 1542; x_wconf 85' lang='lat' dir='ltr'><strong>quoad</strong></span> 
     </span>
     <span class='ocr_line' id='line_1_13' title="bbox 72 1557 1014 1636; baseline 0 -17"><span class='ocrx_word' id='word_1_92' title='bbox 72 1557 169 1619; x_wconf 87' lang='lat' dir='ltr'><strong>vivos</strong></span> <span class='ocrx_word' id='word_1_93' title='bbox 184 1562 216 1616; x_wconf 86' lang='lat' dir='ltr'><strong>et</strong></span> <span class='ocrx_word' id='word_1_94' title='bbox 230 1557 335 1636; x_wconf 82' lang='lat' dir='ltr'><strong>quoad</strong></span> <span class='ocrx_word' id='word_1_95' title='bbox 349 1562 491 1619; x_wconf 89' lang='lat' dir='ltr'><strong>mortuos</strong></span> <span class='ocrx_word' id='word_1_96' title='bbox 509 1557 714 1634; x_wconf 88' lang='lat' dir='ltr'><strong>considerari,</strong></span> <span class='ocrx_word' id='word_1_97' title='bbox 732 1557 816 1618; x_wconf 91' lang='lat' dir='ltr'><strong>unde</strong></span> <span class='ocrx_word' id='word_1_98' title='bbox 836 1557 867 1616; x_wconf 94' lang='lat' dir='ltr'><strong>in</strong></span> <span class='ocrx_word' id='word_1_99' title='bbox 883 1557 947 1618; x_wconf 85' lang='lat' dir='ltr'><strong>dua</strong></span> <span class='ocrx_word' id='word_1_100' title='bbox 965 1575 1014 1619; x_wconf 87' lang='lat' dir='ltr'><strong>ea-</strong></span> 
     </span>
     <span class='ocr_line' id='line_1_14' title="bbox 73 1652 669 1734; baseline 0.003 -22"><span class='ocrx_word' id='word_1_101' title='bbox 73 1652 180 1734; x_wconf 87' lang='lat' dir='ltr'><strong>pitula</strong></span> <span class='ocrx_word' id='word_1_102' title='bbox 194 1670 333 1732; x_wconf 84' lang='lat' dir='ltr'><strong>praesens</strong></span> <span class='ocrx_word' id='word_1_103' title='bbox 347 1652 493 1716; x_wconf 84' lang='lat' dir='ltr'><strong>tractatio</strong></span> <span class='ocrx_word' id='word_1_104' title='bbox 508 1653 669 1715; x_wconf 86' lang='lat' dir='ltr'><strong>dividitur.</strong></span> 
     </span>
    </p>
   </div>
   <div class='ocr_carea' id='block_1_5' title="bbox 91 1834 996 2018">
    <p class='ocr_par' dir='ltr' id='par_1_5' title="bbox 91 1834 996 2018">
     <span class='ocr_line' id='line_1_15' title="bbox 388 1834 698 1880; baseline 0.003 -1"><span class='ocrx_word' id='word_1_105' title='bbox 388 1834 556 1880; x_wconf 68' lang='lat' dir='ltr'><strong>narremus</strong></span> <span class='ocrx_word' id='word_1_106' title='bbox 576 1834 698 1880; x_wconf 78' lang='lat' dir='ltr'><strong>ramos.</strong></span> 
     </span>
     <span class='ocr_line' id='line_1_16' title="bbox 91 1949 996 2018; baseline 0.004 -5"><span class='ocrx_word' id='word_1_107' title='bbox 91 1950 138 2014; x_wconf 85' lang='lat' dir='ltr'><strong>De</strong></span> <span class='ocrx_word' id='word_1_108' title='bbox 160 1950 244 2014; x_wconf 81' lang='lat' dir='ltr'><strong>retus</strong></span> <span class='ocrx_word' id='word_1_109' title='bbox 257 1949 404 2014; x_wconf 80' lang='lat' dir='ltr'><strong>ordinatis</strong></span> <span class='ocrx_word' id='word_1_110' title='bbox 419 1951 459 2014; x_wconf 86' lang='lat' dir='ltr'><strong>od</strong></span> <span class='ocrx_word' id='word_1_111' title='bbox 471 1951 644 2014; x_wconf 74' lang='lat' dir='ltr'><strong>altentatem</strong></span> <span class='ocrx_word' id='word_1_112' title='bbox 658 1952 690 2014; x_wconf 79' lang='lat' dir='ltr'><strong>in</strong></span> <span class='ocrx_word' id='word_1_113' title='bbox 704 1951 782 2014; x_wconf 80' lang='lat' dir='ltr'><strong>vivos</strong></span> <span class='ocrx_word' id='word_1_114' title='bbox 795 1953 996 2018; x_wconf 76' lang='lat' dir='ltr'><strong>exercendam.</strong></span> 
     </span>
    </p>
   </div>
   <div class='ocr_carea' id='block_1_6' title="bbox 75 2085 1017 2555">
    <p class='ocr_par' dir='ltr' id='par_1_6' title="bbox 75 2085 1017 2555">
     <span class='ocr_line' id='line_1_17' title="bbox 119 2085 1012 2168; baseline -0.003 -17"><span class='ocrx_word' id='word_1_115' title='bbox 119 2087 293 2151; x_wconf 87' lang='lat' dir='ltr'><strong>Salvatoris</strong></span> <span class='ocrx_word' id='word_1_116' title='bbox 302 2086 458 2151; x_wconf 86' lang='lat' dir='ltr'><strong>sententia</strong></span> <span class='ocrx_word' id='word_1_117' title='bbox 467 2087 579 2150; x_wconf 87' lang='lat' dir='ltr'><strong>edocta</strong></span> <span class='ocrx_word' id='word_1_118' title='bbox 587 2085 728 2149; x_wconf 73' lang='lat' dir='ltr'><strong>Ecclesia</strong></span> <span class='ocrx_word' id='word_1_119' title='bbox 740 2105 747 2148; x_wconf 76' lang='grc' dir='ltr'><strong><em>ε</em></strong></span> <span class='ocrx_word' id='word_1_120' title='bbox 760 2086 814 2149; x_wconf 77' lang='lat' dir='ltr'><strong>Ea</strong></span> <span class='ocrx_word' id='word_1_121' title='bbox 827 2086 881 2149; x_wconf 74' lang='lat' dir='ltr'><strong>hoc</strong></span> <span class='ocrx_word' id='word_1_122' title='bbox 893 2105 1012 2168; x_wconf 75' lang='lat' dir='ltr'><strong>caynon-</strong></span> 
     </span>
     <span class='ocr_line' id='line_1_18' title="bbox 75 2181 1015 2264; baseline 0 -19"><span class='ocrx_word' id='word_1_123' title='bbox 75 2192 147 2245; x_wconf 82' lang='lat' dir='ltr'><strong>cent</strong></span> <span class='ocrx_word' id='word_1_124' title='bbox 168 2202 266 2245; x_wconf 82' lang='lat' dir='ltr'><strong>omnes</strong></span> <span class='ocrx_word' id='word_1_125' title='bbox 288 2182 368 2264; x_wconf 82' lang='lat' dir='ltr'><strong>qood</strong></span> <span class='ocrx_word' id='word_1_126' title='bbox 389 2182 528 2263; x_wconf 68' lang='lat' dir='ltr'><strong>dsicipcls&#39;</strong></span> <span class='ocrx_word' id='word_1_127' title='bbox 547 2181 606 2243; x_wconf 82' lang='lat' dir='ltr'><strong>mei</strong></span> <span class='ocrx_word' id='word_1_128' title='bbox 627 2182 709 2243; x_wconf 81' lang='lat' dir='ltr'><strong>eritis</strong></span> <span class='ocrx_word' id='word_1_129' title='bbox 727 2182 755 2243; x_wconf 82' lang='lat' dir='ltr'><strong>si</strong></span> <span class='ocrx_word' id='word_1_130' title='bbox 766 2181 939 2245; x_wconf 77' lang='lat' dir='ltr'><strong>claritatem</strong></span> <span class='ocrx_word' id='word_1_131' title='bbox 958 2184 1015 2245; x_wconf 72' lang='lat' dir='ltr'><strong>laa-</strong></span> 
     </span>
     <span class='ocr_line' id='line_1_19' title="bbox 76 2272 1014 2361; baseline 0.002 -21"><span class='ocrx_word' id='word_1_132' title='bbox 76 2278 201 2340; x_wconf 79' lang='lat' dir='ltr'><strong>boeritts</strong></span> <span class='ocrx_word' id='word_1_133' title='bbox 227 2277 268 2339; x_wconf 87' lang='lat' dir='ltr'><strong>od</strong></span> <span class='ocrx_word' id='word_1_134' title='bbox 292 2276 432 2356; x_wconf 68' lang='lat' dir='ltr'><strong>invicem,</strong></span> <span class='ocrx_word' id='word_1_135' title='bbox 461 2278 645 2340; x_wconf 86' lang='lat' dir='ltr'><strong>incredibile</strong></span> <span class='ocrx_word' id='word_1_136' title='bbox 678 2282 726 2342; x_wconf 93' lang='lat' dir='ltr'><strong>est</strong></span> <span class='ocrx_word' id='word_1_137' title='bbox 751 2272 871 2361; x_wconf 80' lang='lat' dir='ltr'><strong>&#39;quanto</strong></span> <span class='ocrx_word' id='word_1_138' title='bbox 907 2280 1014 2343; x_wconf 86' lang='lat' dir='ltr'><strong>studio</strong></span> 
     </span>
     <span class='ocr_line' id='line_1_20' title="bbox 75 2376 1017 2459; baseline 0.002 -20"><span class='ocrx_word' id='word_1_139' title='bbox 75 2376 243 2439; x_wconf 83' lang='lat' dir='ltr'><strong>charitatis</strong></span> <span class='ocrx_word' id='word_1_140' title='bbox 258 2379 290 2438; x_wconf 87' lang='lat' dir='ltr'><strong>el</strong></span> <span class='ocrx_word' id='word_1_141' title='bbox 302 2377 542 2455; x_wconf 77' lang='lat' dir='ltr'><strong>beneficientiae,</strong></span> <span class='ocrx_word' id='word_1_142' title='bbox 554 2376 694 2439; x_wconf 81' lang='lat' dir='ltr'><strong>studium</strong></span> <span class='ocrx_word' id='word_1_143' title='bbox 703 2377 735 2438; x_wconf 92' lang='lat' dir='ltr'><strong>in</strong></span> <span class='ocrx_word' id='word_1_144' title='bbox 751 2380 930 2459; x_wconf 85' lang='lat' dir='ltr'><strong>proximum</strong></span> <span class='ocrx_word' id='word_1_145' title='bbox 944 2398 1017 2443; x_wconf 90' lang='lat' dir='ltr'><strong>nos-</strong></span> 
     </span>
     <span class='ocr_line' id='line_1_21' title="bbox 76 2472 1016 2555; baseline 0.003 -21"><span class='ocrx_word' id='word_1_146' title='bbox 76 2476 166 2534; x_wconf 91' lang='lat' dir='ltr'><strong>trum</strong></span> <span class='ocrx_word' id='word_1_147' title='bbox 188 2474 382 2550; x_wconf 86' lang='lat' dir='ltr'><strong>promoverit</strong></span> <span class='ocrx_word' id='word_1_148' title='bbox 405 2477 436 2535; x_wconf 89' lang='lat' dir='ltr'><strong>ct</strong></span> <span class='ocrx_word' id='word_1_149' title='bbox 457 2491 555 2553; x_wconf 86' lang='lat' dir='ltr'><strong>opera</strong></span> <span class='ocrx_word' id='word_1_150' title='bbox 575 2474 800 2537; x_wconf 76' lang='lat' dir='ltr'><strong>misericordiae</strong></span> <span class='ocrx_word' id='word_1_151' title='bbox 814 2472 886 2538; x_wconf 88' lang='lat' dir='ltr'><strong>tum</strong></span> <span class='ocrx_word' id='word_1_152' title='bbox 906 2494 1016 2555; x_wconf 88' lang='lat' dir='ltr'><strong>corpo·</strong></span> 
     </span>
    </p>
   </div>
   <div class='ocr_carea' id='block_1_7' title="bbox 77 2568 1018 3201">
    <p class='ocr_par' dir='ltr' id='par_1_7' title="bbox 77 2568 1017 2848">
     <span class='ocr_line' id='line_1_22' title="bbox 77 2568 1012 2650; baseline 0.004 -21"><span class='ocrx_word' id='word_1_153' title='bbox 77 2568 157 2629; x_wconf 86' lang='lat' dir='ltr'><strong>ralis</strong></span> <span class='ocrx_word' id='word_1_154' title='bbox 170 2572 238 2631; x_wconf 90' lang='lat' dir='ltr'><strong>tum</strong></span> <span class='ocrx_word' id='word_1_155' title='bbox 251 2570 422 2649; x_wconf 86' lang='lat' dir='ltr'><strong>spiritualis</strong></span> <span class='ocrx_word' id='word_1_156' title='bbox 436 2570 476 2631; x_wconf 85' lang='lat' dir='ltr'><strong>ad</strong></span> <span class='ocrx_word' id='word_1_157' title='bbox 487 2570 665 2649; x_wconf 86' lang='lat' dir='ltr'><strong>proximum</strong></span> <span class='ocrx_word' id='word_1_158' title='bbox 676 2574 818 2633; x_wconf 88' lang='lat' dir='ltr'><strong>nostrum</strong></span> <span class='ocrx_word' id='word_1_159' title='bbox 824 2570 1012 2650; x_wconf 84' lang='lat' dir='ltr'><strong>juvandum.</strong></span> 
     </span>
     <span class='ocr_line' id='line_1_23' title="bbox 77 2665 1017 2744; baseline -0.003 -16"><span class='ocrx_word' id='word_1_160' title='bbox 77 2667 166 2728; x_wconf 87' lang='lat' dir='ltr'><strong>Inter</strong></span> <span class='ocrx_word' id='word_1_161' title='bbox 179 2668 295 2726; x_wconf 71' lang='lat' dir='ltr'><strong>caetera</strong></span> <span class='ocrx_word' id='word_1_162' title='bbox 313 2666 456 2728; x_wconf 85' lang='lat' dir='ltr'><strong>instituta</strong></span> <span class='ocrx_word' id='word_1_163' title='bbox 469 2666 532 2727; x_wconf 91' lang='lat' dir='ltr'><strong>duo</strong></span> <span class='ocrx_word' id='word_1_164' title='bbox 547 2667 744 2727; x_wconf 86' lang='lat' dir='ltr'><strong>emicuerunt</strong></span> <span class='ocrx_word' id='word_1_165' title='bbox 757 2682 827 2744; x_wconf 86' lang='lat' dir='ltr'><strong>quae</strong></span> <span class='ocrx_word' id='word_1_166' title='bbox 848 2665 1017 2744; x_wconf 85' lang='lat' dir='ltr'><strong>specialem</strong></span> 
     </span>
     <span class='ocr_line' id='line_1_24' title="bbox 78 2760 682 2848; baseline -0.002 -25"><span class='ocrx_word' id='word_1_167' title='bbox 78 2762 302 2823; x_wconf 87' lang='lat' dir='ltr'><strong>tractationem</strong></span> <span class='ocrx_word' id='word_1_168' title='bbox 317 2762 498 2848; x_wconf 75' lang='lat' dir='ltr'><strong>desiderant</strong></span> <span class='ocrx_word' id='word_1_169' title='bbox 512 2760 659 2824; x_wconf 85' lang='lat' dir='ltr'><strong>videlieet</strong></span> <span class='ocrx_word' id='word_1_170' title='bbox 674 2782 682 2822; x_wconf 74' lang='grc' dir='ltr'>ε</span> 
     </span>
    </p>

    <p class='ocr_par' dir='ltr' id='par_1_8' title="bbox 120 2854 780 2933">
     <span class='ocr_line' id='line_1_25' title="bbox 120 2854 780 2933; baseline -0.003 -18"><span class='ocrx_word' id='word_1_171' title='bbox 120 2858 153 2915; x_wconf 74' lang='lat'><strong>1⁰</strong></span> <span class='ocrx_word' id='word_1_172' title='bbox 166 2854 312 2918; x_wconf 89' lang='lat' dir='ltr'><strong>Instituta</strong></span> <span class='ocrx_word' id='word_1_173' title='bbox 325 2855 551 2917; x_wconf 79' lang='lat' dir='ltr'><strong>beneficientiae</strong></span> <span class='ocrx_word' id='word_1_174' title='bbox 566 2854 599 2914; x_wconf 92' lang='lat' dir='ltr'><strong>in</strong></span> <span class='ocrx_word' id='word_1_175' title='bbox 614 2871 780 2933; x_wconf 86' lang='lat' dir='ltr'><strong>pauperes.</strong></span> 
     </span>
    </p>

    <p class='ocr_par' dir='ltr' id='par_1_9' title="bbox 79 2941 1018 3201">
     <span class='ocr_line' id='line_1_26' title="bbox 120 2941 1018 3023; baseline -0.008 -14"><span class='ocrx_word' id='word_1_176' title='bbox 120 2948 314 3011; x_wconf 75' lang='lat' dir='ltr'><strong>2⁰1nstituta</strong></span> <span class='ocrx_word' id='word_1_177' title='bbox 331 2947 503 3023; x_wconf 75' lang='lat' dir='ltr'><strong>litterariae,</strong></span> <span class='ocrx_word' id='word_1_178' title='bbox 525 2946 705 3009; x_wconf 84' lang='lat' dir='ltr'><strong>scientificae</strong></span> <span class='ocrx_word' id='word_1_179' title='bbox 725 2948 756 3008; x_wconf 89' lang='lat' dir='ltr'><strong>ct</strong></span> <span class='ocrx_word' id='word_1_180' title='bbox 774 2942 929 3023; x_wconf 78' lang='lat' dir='ltr'><strong>religiose</strong></span> <span class='ocrx_word' id='word_1_181' title='bbox 952 2941 1018 3003; x_wconf 89' lang='lat' dir='ltr'><strong>dis-</strong></span> 
     </span>
     <span class='ocr_line' id='line_1_27' title="bbox 79 3036 1016 3123; baseline -0.01 -19"><span class='ocrx_word' id='word_1_182' title='bbox 79 3042 205 3123; x_wconf 82' lang='lat' dir='ltr'><strong>ciplinae</strong></span> <span class='ocrx_word' id='word_1_183' title='bbox 220 3060 277 3122; x_wconf 89' lang='lat' dir='ltr'><strong>pro</strong></span> <span class='ocrx_word' id='word_1_184' title='bbox 293 3041 464 3104; x_wconf 85' lang='lat' dir='ltr'><strong>christiana</strong></span> <span class='ocrx_word' id='word_1_185' title='bbox 485 3043 517 3102; x_wconf 90' lang='lat' dir='ltr'><strong>el</strong></span> <span class='ocrx_word' id='word_1_186' title='bbox 535 3040 746 3102; x_wconf 86' lang='lat' dir='ltr'><strong>ecclesiastica</strong></span> <span class='ocrx_word' id='word_1_187' title='bbox 770 3036 1016 3100; x_wconf 86' lang='lat' dir='ltr'><strong>adolescentium</strong></span> 
     </span>
     <span class='ocr_line' id='line_1_28' title="bbox 79 3137 282 3201; baseline 0.005 -1"><span class='ocrx_word' id='word_1_188' title='bbox 79 3137 282 3201; x_wconf 88' lang='lat' dir='ltr'><strong>educatione.</strong></span> 
     </span>
    </p>
   </div>
   <div class='ocr_carea' id='block_1_8' title="bbox 328 3270 777 3321">
    <p class='ocr_par' dir='ltr' id='par_1_10' title="bbox 328 3270 777 3321">
     <span class='ocr_line' id='line_1_29' title="bbox 328 3270 777 3321; baseline -0.004 -8"><span class='ocrx_word' id='word_1_189' title='bbox 328 3274 342 3321; x_wconf 67' lang='lat' dir='ltr'><strong>a</strong></span> <span class='ocrx_word' id='word_1_190' title='bbox 356 3270 377 3314; x_wconf 87' lang='lat' dir='ltr'><strong>l.</strong></span> <span class='ocrx_word' id='word_1_191' title='bbox 391 3281 421 3314; x_wconf 83' lang='lat' dir='ltr'><strong>rr</strong></span> <span class='ocrx_word' id='word_1_192' title='bbox 435 3279 569 3315; x_wconf 79' lang='lat' dir='ltr'><strong>rusrrroras</strong></span> <span class='ocrx_word' id='word_1_193' title='bbox 583 3276 777 3312; x_wconf 76' lang='lat' dir='ltr'><strong>rrurrrcrrurrr.</strong></span> 
     </span>
    </p>
   </div>
   <div class='ocr_carea' id='block_1_9' title="bbox 44 3373 1019 3651">
    <p class='ocr_par' dir='ltr' id='par_1_11' title="bbox 44 3373 1019 3651">
     <span class='ocr_line' id='line_1_30' title="bbox 120 3373 1019 3457; baseline 0 -20"><span class='ocrx_word' id='word_1_194' title='bbox 120 3377 160 3438; x_wconf 92' lang='grc' dir='ltr'><strong>Π.</strong></span> <span class='ocrx_word' id='word_1_195' title='bbox 177 3377 293 3457; x_wconf 77' lang='lat' dir='ltr'><strong>Magna</strong></span> <span class='ocrx_word' id='word_1_196' title='bbox 306 3394 431 3457; x_wconf 86' lang='lat' dir='ltr'><strong>semper</strong></span> <span class='ocrx_word' id='word_1_197' title='bbox 444 3376 504 3437; x_wconf 88' lang='lat' dir='ltr'><strong>fuit</strong></span> <span class='ocrx_word' id='word_1_198' title='bbox 517 3375 664 3437; x_wconf 75' lang='lat' dir='ltr'><strong>Ecclesia</strong></span> <span class='ocrx_word' id='word_1_199' title='bbox 679 3392 755 3435; x_wconf 86' lang='lat' dir='ltr'><strong>cura</strong></span> <span class='ocrx_word' id='word_1_200' title='bbox 765 3373 973 3436; x_wconf 86' lang='lat' dir='ltr'><strong>levandorum</strong></span> <span class='ocrx_word' id='word_1_201' title='bbox 987 3379 1019 3437; x_wconf 86' lang='lat' dir='ltr'><strong>et</strong></span> 
     </span>
     <span class='ocr_line' id='line_1_31' title="bbox 44 3470 1017 3554; baseline -0.005 -18"><span class='ocrx_word' id='word_1_202' title='bbox 44 3545 48 3553; x_wconf 31' lang='lat'><strong>¹</strong></span> <span class='ocrx_word' id='word_1_203' title='bbox 81 3474 332 3536; x_wconf 84' lang='lat' dir='ltr'><strong>recreandorum</strong></span> <span class='ocrx_word' id='word_1_204' title='bbox 350 3491 526 3554; x_wconf 86' lang='lat' dir='ltr'><strong>pauperum</strong></span> <span class='ocrx_word' id='word_1_205' title='bbox 545 3476 576 3535; x_wconf 88' lang='lat' dir='ltr'><strong>et</strong></span> <span class='ocrx_word' id='word_1_206' title='bbox 594 3472 735 3533; x_wconf 91' lang='lat' dir='ltr'><strong>omnium</strong></span> <span class='ocrx_word' id='word_1_207' title='bbox 756 3470 808 3552; x_wconf 92' lang='lat' dir='ltr'><strong>qui</strong></span> <span class='ocrx_word' id='word_1_208' title='bbox 833 3471 936 3533; x_wconf 87' lang='lat' dir='ltr'><strong>aliena</strong></span> <span class='ocrx_word' id='word_1_209' title='bbox 958 3489 1017 3550; x_wconf 90' lang='lat' dir='ltr'><strong>ope</strong></span> 
     </span>
     <span class='ocr_line' id='line_1_32' title="bbox 80 3567 1017 3651; baseline -0.001 -19"><span class='ocrx_word' id='word_1_210' title='bbox 80 3570 282 3651; x_wconf 80' lang='lat' dir='ltr'><strong>indigerent3</strong></span> <span class='ocrx_word' id='word_1_211' title='bbox 305 3572 337 3631; x_wconf 88' lang='lat' dir='ltr'><strong>ct</strong></span> <span class='ocrx_word' id='word_1_212' title='bbox 356 3570 390 3631; x_wconf 95' lang='lat' dir='ltr'><strong>in</strong></span> <span class='ocrx_word' id='word_1_213' title='bbox 412 3568 480 3648; x_wconf 90' lang='lat' dir='ltr'><strong>ipso</strong></span> <span class='ocrx_word' id='word_1_214' title='bbox 504 3569 633 3649; x_wconf 88' lang='lat' dir='ltr'><strong>quidem</strong></span> <span class='ocrx_word' id='word_1_215' title='bbox 656 3567 833 3631; x_wconf 76' lang='lat' dir='ltr'><strong>christiane</strong></span> <span class='ocrx_word' id='word_1_216' title='bbox 857 3567 1017 3647; x_wconf 81' lang='lat' dir='ltr'><strong>religionis</strong></span> 
     </span>
    </p>
   </div>
   <div class='ocr_carea' id='block_1_10' title="bbox 0 0 1238 4125">
    <p class='ocr_par' dir='ltr' id='par_1_12' title="bbox 0 0 1238 4125">
     <span class='ocr_line' id='line_1_33' title="bbox 0 0 1238 4125; baseline 0 0"><span class='ocrx_word' id='word_1_217' title='bbox 0 0 1238 4125; x_wconf 95' lang='lat' dir='ltr'><strong> </strong></span> 
     </span>
    </p>
   </div>
  </div>
 </body>
</html>
