2442 4125
199 319 258 376 111
406 324 636 373 msrrsonouss
655 323 739 369 ruam
760 320 915 367 essemus.

198 479 291 543 bonis
303 480 406 539 status
419 476 547 536 alantur
558 477 591 535 et
603 492 644 533 ex
657 472 696 533 iis
709 472 836 551 capiant
849 469 934 548 quod
952 473 1088 549 spectat
1105 469 1148 531 ad

199 576 350 634 decoram
368 575 401 631 et
418 569 584 630 relativam
602 585 694 628 suam
713 564 987 639 sustentationem,
1011 564 1144 640 eodem,

198 669 340 746 inquam,
356 664 494 725 naturali
504 662 578 742 jure
592 667 628 723 ut
640 661 681 721 de
694 660 843 721 sceleste
853 658 1070 737 proventibus
1079 678 1146 719 sus-
1215 648 1216 727 ᾖ

198 764 370 823 tententur.
386 760 445 820 llic
457 762 602 835 spectant
619 758 674 817 illa
694 756 782 817 Pauli
805 775 813 815 :
841 776 856 811 1
876 756 977 813 Nemo
998 754 1145 815 militans

198 857 313 917 militat
325 856 390 915 suis
404 852 566 931 stipendiis
580 869 732 932 uuquam.
752 872 768 907 u
792 883 834 894 -
858 870 873 905 u
894 848 954 919 Qui
975 846 1078 909 altari
1096 848 1146 907 iu-

198 953 296 1014 servit
309 951 350 1012 de
362 950 455 1011 altari
469 949 576 1009 vivere
589 948 695 1008 debet.
712 969 727 1004 u
748 980 790 991 -
812 966 827 1001 o
842 944 875 1005 Si
888 962 946 1005 uos
960 944 1144 1021 spiritualia

198 1047 289 1108 vobis
302 1044 538 1120 seminavimus,
552 1060 704 1123 magnum
720 1042 803 1103 estsi
812 1058 869 1101 nos
879 1039 1023 1101 carnalia
1034 1046 1143 1101 vestra

198 1136 378 1199 metamus?
389 1160 405 1195 u

238 1235 321 1294 xvl.
342 1233 405 1294 Sed
425 1233 489 1293 alia
508 1232 656 1313 quaedam
673 1231 748 1311 jura
767 1234 841 1291 sunt
859 1248 942 1310 quae,
965 1229 1049 1291 licet
1070 1248 1142 1290 cum

195 1330 268 1410 jure
303 1328 482 1407 dogmatico
515 1346 667 1407 magnam
701 1327 954 1389 convenientiam
988 1330 1138 1401 servent,

89 1429 94 1437 '
199 1430 305 1484 tamen
320 1422 443 1501 dejure
455 1422 561 1501 potius
574 1422 763 1501 disciplinari
773 1420 987 1481 eeclesiastico
1007 1420 1140 1481 inducta

199 1518 357 1579 videntur.
374 1517 455 1577 Sunt
468 1520 575 1577 autem
594 1519 626 1576 l⁰
642 1516 696 1595 jus
714 1514 930 1587 immunitatis,
952 1517 987 1575 2⁰
1005 1513 1064 1592 jus
1085 1532 1138 1575 seu

199 1614 399 1693 privilegium
418 1613 559 1688 canonis,
582 1614 615 1672 3⁰
635 1612 687 1690 jus
710 1630 766 1671 seu
788 1610 989 1690 privilegium
1010 1627 1137 1690 compe

198 1712 316 1786 teutiae,
331 1715 364 1769 4⁰
379 1708 520 1770 nonnulli
536 1708 659 1769 addunt
673 1712 705 1769 et
714 1708 767 1787 jus
781 1708 905 1787 peculii.

240 1809 271 1865 l·
283 1803 459 1863 Immuaitus
472 1802 558 1863 idem
576 1807 624 1865 est
644 1823 682 1866 ac
702 1804 869 1883 exemptio,
892 1803 1081 1882 subtractio,
1102 1803 1134 1864 li-

198 1902 305 1960 bertas
317 1897 358 1959 ab
372 1897 479 1977 aliqua
496 1915 532 1957 re
552 1918 560 1959 ;
580 1898 614 1957 11
632 1917 707 1960 casu
726 1903 833 1961 nostro
852 1916 873 1959 a
888 1898 969 1961 laica
984 1899 1135 1979 jurisdic-

198 1999 284 2063 tione
311 1997 510 2078 privilegium
533 1998 592 2067 hoc
615 1998 823 2062 immunitatis
843 1999 980 2078 pertinet
1003 2000 1073 2061 sive
1095 1998 1132 2059 ad

198 2114 349 2177 personas
362 2094 430 2158 sive
443 2095 550 2158 adres
564 2095 792 2156 ecclesiasticas
814 2114 821 2156 ε
842 2095 926 2156 unde
947 2095 1040 2156 audit
1060 2095 1133 2158 Per-

197 2193 315 2270 sonolis,
331 2191 442 2269 Realie,
464 2192 609 2254 nonnulli
630 2191 752 2252 addunt
770 2190 904 2267 1000111·
917 2191 974 2252 sed
996 2191 1069 2253 haec
1089 2194 1131 2252 est

198 2288 319 2364 species
341 2287 448 2346 Realis
467 2286 684 2349 immunitatis.
707 2286 801 2348 Modo
822 2286 944 2366 agimus
965 2286 1007 2348 de
1026 2305 1130 2367 perso

199 2382 274 2457 nali,
290 2398 346 2440 seu
360 2379 400 2440 de
414 2383 612 2462 exemptione
627 2401 697 2464 quae
712 2383 833 2444 clericis
847 2382 998 2462 competit
1016 2401 1037 2444 a
1054 2383 1131 2446 laica

197 2480 364 2559 potestate.

238 2575 332 2656 Origo
348 2573 442 2655 hujus
456 2575 612 2656 privilegii
631 2576 663 2637 iu
682 2594 831 2657 maguam
849 2576 934 2638 cadit
951 2579 1129 2640 00111111

197 2671 276 2733 siam
289 2672 548 2752 interuheologos
564 2679 596 2733 et
611 2673 798 2736 canonistas.

236 2770 318 2831 Sunt
331 2769 385 2848 qui
398 2772 511 2848 putant
530 2786 604 2829 cum
626 2770 744 2830 Suarez
766 2769 797 2828 in
819 2767 1003 2829 defensioue
1025 2767 1127 2830 catho-

195 2864 263 2927 licae
277 2865 351 2926 fidei
366 2864 406 2924 de
417 2864 489 2945 jure
504 2864 611 2925 divino
625 2864 858 2925 immunitatem
871 2865 954 2926 haue
968 2863 1056 2924 oriri.
1074 2865 1127 2923 Po·

195 2961 350 3023 tissimum
365 2959 521 3040 opinionis
542 2977 607 3021 suae
629 2959 779 3020 auxilium
801 2977 856 3020 seu
878 2959 1064 3037 praesidium
1084 2975 1126 3019 re·

196 3056 291 3135 quirit
312 3058 345 3117 iu
367 3056 523 3119 constanti
543 3059 575 3116 et
595 3062 750 3134 perpetua
770 3056 948 3133 traditione,
975 3075 1047 3136 quae
1072 3072 1125 3116 nec

195 3151 373 3228 apostolicis
400 3150 648 3214 institutionibus
676 3151 771 3212 tribui
798 3152 907 3230 possit.
937 3153 1033 3232 Atqui
1058 3167 1125 3212 eam

195 3242 272 3303 dicit
290 3243 480 3308 intervenire
500 3247 534 3306 in
554 3264 660 3320 casu3·
672 3264 748 3326 ergo
770 3246 905 3326 deducit¹
920 3247 1056 3325 prodere
1077 3245 1125 3326 jus

195 3337 347 3400 divinum.
363 3341 483 3402 Deinde
498 3347 533 3404 ut
551 3345 724 3422 praeveuiat
742 3343 951 3423 objectionem
971 3362 1042 3424 quae
1061 3340 1125 3404 ficri

195 3439 301 3516 posset
314 3437 418 3515 quoad
434 3442 577 3515 tempora
591 3441 828 3518 persecutionis,
845 3442 1009 3523 distinguit
1020 3441 1074 3522 jus
1087 3444 1124 3503 ab

195 3531 264 3610 ojus
278 3531 424 3594 exercitio
443 3551 449 3593 :
467 3531 543 3593 dicit
554 3535 724 3610 specialem
743 3538 894 3616 temporis
913 3539 1123 3602 conditionem
