2442 4125
329 332 367 376 os
388 332 518 377 onrscro
537 332 621 377 runis
642 332 798 377 cruuntur.
971 322 1024 378 l'll

87 495 250 559 pugnans,
270 477 345 537 licet
364 476 448 537 circa
468 475 570 553 prima
589 476 757 537 corollaria
776 476 967 553 dissentiret,
990 496 1029 539 ee

85 582 201 636 tamen
215 572 401 633 necessitate
416 590 480 651 qua
499 571 601 633 solent
621 574 761 633 extrema
780 572 871 633 facile
892 574 974 635 inter
993 592 1028 635 se

86 670 275 743 convenire,
291 665 505 729 immoralitati
518 666 639 729 aditum
652 668 785 745 aperuit.

135 768 177 825 At
189 763 336 833 llocleeiae
350 762 503 842 legislatio
516 766 637 824 naturae
653 763 815 824 hominum
834 762 976 839 studens,
996 768 1029 825 et

85 861 202 921 divina
223 860 379 919 illustrata
398 858 589 919 revelatione
609 862 777 938 utrumque
798 876 960 919 excessum
984 861 1027 921 vi-

84 957 174 1017 tavit
186 955 344 1015 facillim.
368 953 453 1015 Vidit
467 954 552 1013 enim
566 954 710 1015 homines
729 958 843 1017 natura
861 954 902 1015 ad
921 956 1014 1017 matri

85 1051 235 1113 monium
249 1051 465 1128 comparatos,
478 1066 538 1108 nec
556 1048 651 1108 aliam
665 1048 846 1111 desiderare
860 1050 1027 1128 positivam

85 1147 277 1209 facultatem
296 1146 336 1205 ad
358 1144 609 1204 contrabendum
628 1144 872 1209 matrimonium.
894 1148 935 1207 At
951 1165 1028 1209 vero

85 1262 158 1304 non
176 1242 250 1302 inde
267 1240 391 1319 putavit
417 1239 560 1299 homines
587 1241 712 1320 exleges
732 1259 799 1303 esse
817 1242 850 1303 in
869 1260 903 1305 re
922 1244 1028 1307 matri-

86 1337 238 1409 moniali;
256 1354 329 1396 nam
343 1336 408 1396 sive
419 1334 493 1415 jure
507 1336 653 1414 naturali,
674 1336 740 1398 sive
759 1338 892 1416 positivo
908 1339 1025 1417 divino,

88 1434 242 1515 quaedam
256 1430 527 1493 interdicebantur
543 1432 702 1512 conjugia,
719 1436 750 1495 et
764 1434 823 1495 sibi
834 1434 906 1513 jure
922 1434 1028 1497 divino

87 1548 279 1594 concessam
292 1528 492 1603 facultatem,
508 1531 543 1588 ut
556 1529 670 1589 eodem
684 1530 910 1608 impedimenta
925 1530 1029 1591 deter-

87 1627 240 1701 minaret,
257 1624 319 1685 alia
338 1623 516 1701 imponeret
536 1630 716 1702 opportuna
736 1624 777 1685 ad
799 1624 1029 1687 connubiorum

88 1721 338 1783 christianorum
352 1720 549 1781 honestatem
568 1724 600 1780 et
614 1720 813 1783 sanctitatem
827 1721 1026 1783 servandam.

132 1819 217 1896 Ergo
241 1815 379 1876 mediam
404 1816 486 1876 inter
512 1814 591 1875 duos
616 1833 764 1877 excessus
786 1818 888 1879 tenuit
910 1820 994 1879 viam
1020 1839 1026 1879 :

87 1912 270 1991 Unicuique
293 1911 341 1971 las
366 1914 414 1972 est
434 1910 670 1973 matrimonium
691 1910 782 1988 inire,
805 1913 855 1973 cui
873 1913 944 1992 jure
966 1932 1029 1973 non

89 2009 310 2090 prohibeatur.
341 2006 469 2086 Triplici
497 2010 602 2068 autem
627 2005 692 2087 juri
719 2006 897 2070 subduntur
924 2008 1030 2070 matri·

88 2105 201 2167 monia
211 2104 470 2178 Christianorum,
486 2102 633 2165 videlicet
643 2103 788 2179 naturali,
802 2103 919 2180 divino,
931 2104 1029 2164 eccle-

89 2201 220 2262 siastico
245 2203 349 2278 :ergo
372 2217 411 2258 ex
433 2196 548 2277 triplici
567 2197 639 2278 jure
664 2199 874 2262 consideravit
897 2199 1030 2279 impedi-

90 2301 202 2358 menta
216 2296 256 2356 ed
271 2293 517 2356 matrimonium.

84 2379 87 2389 ’
134 2394 205 2452 Non
220 2395 326 2453 autem
340 2389 480 2452 omnium
493 2389 792 2468 impedimentorum
806 2393 952 2454 eamdem
966 2393 1029 2454 vim

91 2507 164 2549 esse
185 2488 334 2566 suspexit.
360 2486 555 2548 Generaliter
576 2487 725 2566 equidem
749 2489 869 2552 obtinet
891 2490 923 2550 in
943 2489 1027 2569 jure,

93 2584 181 2663 quod
208 2583 335 2643 irritum
358 2582 485 2643 omnino
507 2583 547 2644 sit
570 2583 655 2663 quod
678 2585 713 2645 tit
736 2584 805 2664 lege
829 2585 1026 2663 prohibente,

93 2678 244 2759 quodque
258 2680 290 2739 in
306 2678 453 2740 omnibus
467 2679 679 2740 contractibus
694 2684 852 2753 servatur3
871 2679 946 2758 qnia
965 2677 1030 2756 pri-

93 2778 242 2836 vatorum
255 2775 399 2836 voluntas
415 2792 476 2833 non
492 2778 539 2834 est
551 2775 686 2853 publicae
701 2775 807 2855 legum
826 2773 978 2836 voluntati
998 2777 1031 2832 et

10 2857 11 2860 ¹
94 2869 274 2931 auctoritati
309 2869 517 2948 praeferenda.
555 2870 601 2948 (L.
638 2875 667 2945 5,
698 2871 769 2933 cod.
800 2871 838 2931 de
866 2865 1028 2948 Legibus.)

94 2967 217 3025 Dantur
230 2968 337 3024 tamen
352 2981 443 3024 casus
456 2963 489 3022 in
504 2963 618 3042 quibus
633 2970 713 3040 acta,
725 2965 799 3025 licet
808 2967 917 3024 contra
926 2963 1030 3042 legem

93 3063 232 3138 patrata,
252 3063 359 3120 tamen
379 3060 476 3119 semel
496 3077 534 3119 ac
554 3060 657 3137 posita
677 3063 760 3135 sunt,
784 3059 963 3139 reipublicae
983 3061 1030 3119 in·

93 3156 186 3217 tersit
200 3173 264 3215 non
277 3155 388 3217 everti.
405 3155 495 3217 Unde
509 3173 573 3216 non
588 3157 814 3216 cohonestatur
830 3157 959 3236 quidem
977 3174 1030 3218 ac·

88 3253 146 3338 vtus
158 3249 243 3308 illius
258 3249 312 3327 qui
327 3255 438 3310 contra
457 3249 561 3328 legem
580 3249 722 3329 deliquit,
746 3250 802 3310 scd
823 3257 912 3312 actus
933 3252 1028 3312 semel

95 3363 134 3404 ac
148 3345 270 3422 positus
284 3339 341 3420 est,
358 3345 462 3424 alege
476 3346 545 3425 ipsa
558 3348 647 3406 ratus
661 3345 806 3424 habetur,
828 3351 860 3408 et
878 3351 1029 3427 tanquam

95 3440 220 3501 validus
234 3441 416 3502 sustinetur.

136 3536 326 3615 Exemplum
339 3535 495 3598 habemus
502 3535 575 3618 jure
590 3554 722 3600 romano
736 3539 768 3599 in
782 3539 948 3602 interdicto
966 3557 973 3598 :
994 3555 1030 3597 oe
