2442 4125
318 379 356 425 nu
377 378 506 427 osrnoro
525 378 608 426 rnnrs
630 377 787 425 olrorror.
976 364 1016 424 di

84 520 140 583 sub
155 520 288 600 Pippino
302 524 333 583 at
347 521 458 583 carolo
472 526 586 603 Magno
600 522 633 583 in
648 522 765 597 Galliis,
781 524 814 583 st
826 520 886 581 sol)
900 521 1015 601 Grego-

82 614 126 673 rio
141 614 195 677 Vll
209 614 243 673 in
257 614 424 693 Hispaniis.
441 616 580 678 lloolssis
593 632 670 676 voro
683 630 789 695 graeoa
800 612 834 673 in
847 614 1016 675 oonstanti·

83 705 269 782 nopolitanae
284 706 424 767 soolosiae
434 708 592 789 liturgiam
606 708 711 785 sensit,
722 711 755 769 et
765 704 897 786 proindo
906 712 1015 771 soouta

83 802 127 860 ost
139 800 301 879 liturgiam
314 801 425 865 Basilii
434 806 465 865 st
478 802 704 881 chrysostomi.

118 896 183 957 Hoo
196 900 283 958 statu
296 915 414 975 rorum,
431 900 463 961 S.
481 900 554 960 Pius
568 900 606 975 V,
623 916 706 959 anno
721 899 811 973 1570,
827 896 1014 959 ooharontor
1096 939 1105 951 ·

82 989 121 1051 sd
134 1008 170 1051 ea
184 1009 256 1072 quaa
272 995 390 1055 statuta
404 998 493 1056 orant
510 1012 530 1055 a
548 993 633 1056 Trid.
649 1010 727 1054 sess.
743 996 783 1055 25
800 991 841 1053 do
854 990 961 1053 Indioe
974 992 1013 1053 li·

81 1084 216 1164 brorum,
234 1088 359 1149 Missalo
375 1088 510 1152 oorroxit
524 1094 556 1151 st
573 1088 737 1168 proposuit
752 1086 899 1148 omnibus
911 1087 1012 1149 soalo-

82 1180 141 1254 siis,
161 1182 244 1245 facta
262 1184 407 1246 libertato
427 1183 584 1247 retinendi
605 1185 684 1245 ritus
703 1186 853 1256 vetustos,
868 1181 919 1243 val
937 1183 1008 1245 alt.

82 1279 112 1340 S.
129 1280 160 1340 (l.
177 1280 210 1339 in
225 1298 286 1343 sua
298 1280 491 1345 institutione
505 1280 667 1361 probatos,
678 1280 729 1341 vol
742 1280 1010 1359 longa200anno·

82 1389 147 1433 rum
166 1376 395 1439 consuetudins
417 1377 542 1439 naudus
560 1377 754 1439 observatos.
775 1376 842 1437 llao
861 1375 1009 1437 facultate

81 1471 213 1531 nonnulli
229 1472 281 1532 nsi
294 1474 377 1550 sunt,
393 1478 497 1552 prout,
513 1491 544 1535 v.
560 1491 624 1552 gr.‚
641 1472 719 1535 ordo
736 1470 1006 1533 Praedioatorum:

81 1564 221 1644 allinaro
243 1570 472 1647 communitor,
493 1570 631 1650 sxoeptis
650 1568 763 1649 groeois
786 1567 840 1646 qui
861 1565 1009 1645 pristinos

81 1676 148 1721 suos
169 1664 245 1726 ritus
268 1665 403 1743 positiva
425 1668 521 1729 RRS.
545 1668 578 1729 o.
603 1666 764 1728 voluntate
787 1662 1006 1739 observarunt,

81 1772 182 1818 omnes
194 1760 357 1841 liturgiam
371 1778 535 1823 romanam
544 1765 760 1841 susoapsrnnt.
773 1760 819 1821 ux
828 1757 890 1819 hoo
902 1756 1008 1819 videa·

80 1851 115 1913 lis
129 1871 189 1932 qua
200 1856 331 1937 liturgia
344 1858 491 1920 sacerdos
505 1860 633 1921 Missam
646 1858 807 1919 oolobraro
821 1854 946 1916 dabant.
960 1855 1008 1917 lta

82 1948 200 2026 quidam
213 1954 246 2014 in
261 1970 390 2033 genera,
406 1956 438 2016 in
453 1956 556 2035 spaoio
568 1972 657 2032 vero,
668 1954 722 2014 nbi
735 1952 863 2032 liturgia
874 1966 1007 2013 romana

80 2046 213 2126 neglecta
231 2054 291 2127 ost,
313 2069 437 2114 summa
456 2050 626 2134 prudentia
647 2049 822 2130 prasertim
839 2065 860 2108 a
876 2044 1006 2126 prosby-

80 2142 149 2202 tsris
165 2144 222 2208 hao
240 2147 276 2208 in
293 2166 327 2208 rs
346 2148 583 2230 prooedendum
603 2151 696 2224 assat,
712 2163 752 2206 no
765 2143 940 2225 impediant
954 2147 1007 2205 tu·

80 2237 171 2301 multu
184 2242 276 2305 illum
285 2245 421 2308 reditum
431 2263 526 2327 quam
538 2244 677 2308 suaviter
686 2243 757 2324 ipso
768 2241 826 2306 liei
838 2239 1006 2322 providen-

80 2332 119 2396 tis
131 2335 275 2419 disponit.

226 2499 267 2548 iv.
279 2501 311 2546 oe
321 2507 430 2561 praeopto
443 2505 532 2551 mnan
545 2505 670 2551 oolebraudl
681 2505 716 2551 rol
727 2504 836 2550 mdleudi.

114 2607 149 2675 ll.
164 2617 238 2680 lura
262 2618 368 2684 divino
390 2623 576 2686 saoerdotali
597 2624 701 2686 ordini
720 2626 913 2704 praecaptum
933 2635 1002 2681 osso

80 2709 111 2767 ut
122 2709 243 2776 Missam
258 2716 396 2781 oolsbret
409 2719 551 2783 dubitari·
561 2721 681 2801 nequit.
697 2722 789 2784 Glara
801 2722 875 2780 sunt
887 2715 1001 2778 Christi

79 2804 166 2907 rerba
187 2829 193 2870 :
213 2812 280 2873 Hoc
296 2815 385 2894 sorite
404 2817 434 2878 r'n
452 2835 543 2879 meam
563 2819 871 2891 commemoratarum,
887 2812 1001 2892 quibus

78 2913 171 2998 ipsum
180 2904 311 2984 jussisse
325 2915 359 2974 ut
373 2915 504 2992 apostoli
523 2914 639 2994 aliique
657 2912 838 2975 sacerdotes
851 2902 1001 2972 offerrant

79 3009 181 3075 eorpus
195 3007 227 3064 et
240 3008 426 3086 sanguinem
439 3027 532 3071 suurn
549 3015 637 3091 patet
655 3028 693 3071 ax
705 3026 782 3069 sess.
798 3009 838 3066 22
856 3004 942 3066 Trid.
960 3003 999 3066 do

78 3093 172 3157 raorit.
187 3099 289 3162 Missae
310 3121 379 3166 oon.
395 3109 438 3168 2⁰.
456 3109 535 3168 Tota
555 3125 631 3186 orgo
650 3103 820 3185 disputatio
839 3100 1000 3164 reducitur

77 3190 108 3246 ut
126 3191 283 3258 videamus
302 3203 503 3279 quandonam
528 3204 643 3284 singuli
662 3201 839 3283 presbyteri
857 3199 899 3261 ad
918 3199 999 3260 oels·

77 3274 224 3350 brandum
242 3296 420 3360 teneantur.
437 3299 476 3361 ldt
496 3299 625 3378 quidam
644 3299 671 3359 si
692 3315 780 3360 mero
797 3296 870 3376 juro
891 3295 998 3355 divino

78 3381 197 3453 [luaestio
218 3389 356 3454 finienda
375 3401 467 3473 osset,
489 3414 587 3476 quum
608 3396 660 3456 lrio
680 3412 783 3458 sermo
801 3393 852 3470 sit,
873 3407 936 3452 non
957 3388 998 3450 do

79 3487 223 3560 llaecepto
233 3489 391 3570 negativo,
403 3494 459 3555 sed
469 3495 509 3556 da
520 3494 667 3575 positivo,
679 3495 775 3574 quod,
786 3494 860 3554 lioet
872 3504 998 3565 semper

79 3569 195 3660 θΜῘὸθῑ,
216 3601 278 3646 non
296 3593 402 3652 tamen
421 3610 479 3672 pro
497 3610 633 3674 sempor,
648 3595 809 3658 videratur
822 3585 908 3667 quod
920 3589 996 3644 &¹¹¹⁰
