2442 4125
309 387 348 433 ns
368 389 496 435 onmem
516 389 599 438 rums
619 391 776 442 amomon.
947 385 1006 448 2⁸55

32 537 170 596 hante
193 532 353 613 episcopo,
376 534 466 612 cujus
486 543 533 596 est
555 555 717 600 removere
739 541 1002 621 superstitionem,

33 662 108 675 —
123 629 239 691 docere
255 659 294 675 -
310 636 340 690 et
355 631 506 708 quidquid
529 632 568 691 sit
589 633 803 714 inhonestum,
826 640 881 697 aut
903 639 1006 717 prota-

33 743 68 784 n
77 741 146 784 um
158 723 323 802 repellere.

330 917 332 922 .
417 875 582 922 ARTIGULUS
604 877 653 922 111.

279 991 324 1052 lte
340 990 515 1053 utensilitas
528 993 624 1054 uultur
637 994 799 1056 clriaticoi.

102 1143 175 1204 Xll.
191 1141 323 1201 Nomine
338 1157 495 1200 sacrorum
512 1140 704 1219 utensilium,
722 1143 770 1202 vel
784 1161 880 1204 sacrae
896 1146 1001 1224 supel-

43 1235 182 1298 lectilis
209 1233 409 1313 intelligimus
438 1235 645 1295 instrumenta
674 1237 872 1317 omniaque
895 1240 1000 1303 divino

45 1329 167 1393 cultui
182 1329 379 1402 deserviunt;
404 1333 476 1390 sunt
491 1335 596 1390 autem
615 1351 622 1390 ε

102 1429 139 1488 1⁰
162 1425 243 1486 Vasa
265 1426 368 1485 omnia
391 1427 486 1486 sacris
509 1426 658 1488 Ecclesiae
679 1429 789 1491 ritibus
812 1431 999 1510 peragendis

46 1521 235 1581 destinata

100 1621 138 1677 2⁰
155 1614 264 1674 Vestes
278 1632 333 1674 sen
350 1613 532 1676 indumenta
548 1617 752 1680 sacerdotalia
768 1618 881 1696 quibus
897 1619 1000 1678 minis-

47 1714 98 1776 tri
115 1712 200 1771 sacri
215 1714 344 1772 utuntur
358 1728 430 1770 cum
446 1711 545 1772 ollicio
560 1712 734 1792 iunguntur
747 1732 815 1776 suo.

100 1808 138 1866 3⁰
154 1803 263 1866 Omnia
278 1803 405 1864 demum
419 1805 525 1866 altaris
540 1811 571 1866 et
583 1806 729 1869 Ecclesiae
740 1815 934 1871 ornamenta.

439 1955 452 2002 fi
467 1950 487 1994 1.
502 1965 530 1996 nn
545 1965 619 1999 rtem.

100 2051 196 2111 Vasis
210 2049 285 2111 varii
299 2049 423 2129 generis
439 2050 535 2112 utitur
556 2051 696 2113 Ecclesia
719 2053 752 2112 in
774 2054 870 2115 divini
894 2056 995 2117 cultus

52 2146 287 2209 functionibus:
299 2144 995 2213 aliaenimcontinentmateriamnonsacram
1034 2160 1045 2171 ’

55 2244 120 2305 sed
149 2242 403 2318 consecrandam,
433 2262 463 2303 v.
493 2263 523 2322 g,
552 2242 716 2323 ampulloe3
745 2245 808 2306 alia
828 2248 994 2309 materiam

55 2345 277 2401 consecratam
291 2357 320 2399 v.
338 2357 368 2418 g.
385 2357 458 2401 vasa
474 2340 533 2399 olei
550 2340 647 2401 sancti
669 2349 723 2403 aut
737 2342 924 2419 chrismatis,
945 2348 996 2407 vel

56 2434 271 2510 benedictam,
287 2443 322 2496 ut
334 2436 461 2495 conchae
476 2453 567 2513 aqum
581 2437 754 2500 benedicta
765 2440 995 2523 ettontoshap·

57 2530 224 2603 tismales;
253 2532 315 2591 alia
340 2530 479 2605 demum,
509 2535 739 2595 sanctissimum
762 2543 992 2602 sacramentum

62 2628 182 2703 altaria,
198 2627 302 2687 atalia
317 2626 442 2705 quidem
457 2629 592 2689 mediate
608 2631 652 2690 uti
666 2629 792 2705 ciboria,
808 2632 869 2692 alia
883 2634 993 2693 imme-

61 2724 146 2784 diate
161 2724 206 2786 uli
221 2724 404 2800 detenentia,
420 2724 551 2800 pixides
568 2726 691 2801 calices,
703 2731 836 2803 patanae.
849 2728 992 2788 Hoecalia

61 2820 131 2879 aliis
145 2838 201 2898 pro
217 2819 364 2897 qualitate
379 2819 422 2879 rei
437 2821 486 2879 cui
508 2821 704 2881 continendae
727 2819 882 2881 destinata
906 2828 989 2897 sunt,

62 2922 230 2977 censentur
243 2914 415 2989 nobiliora3
432 2933 471 2975 ca
484 2933 552 2993 qum
569 2916 712 2978 ordinata
730 2922 804 2978 sunt
822 2917 862 2976 ad
880 2918 991 2979 imme-

63 3012 178 3072 diatam
222 3010 396 3073 custodiam
441 3012 626 3071 sanctissimi
664 3013 850 3073 sacramenti
888 3015 989 3090 prouti

64 3108 201 3167 omnium
215 3106 419 3184 nobilissima,
436 3125 474 3168 ex
488 3110 625 3185 pretiosa
648 3110 779 3171 materia
800 3109 910 3171 confici
934 3112 989 3172 de-

62 3204 147 3276 hent,
163 3210 193 3263 et
203 3220 291 3265 sacru
301 3203 466 3265 chrismate
477 3204 679 3285 inungi„qum
689 3205 806 3265 functio
816 3212 863 3268 est
873 3207 990 3269 ordinis
1083 3222 1089 3231 ·

63 3298 255 3376 episcopalis,
273 3297 458 3376 illorumque
472 3306 572 3361 tactus
585 3301 672 3361 laicis
691 3308 722 3361 et
740 3302 912 3363 minoribns
924 3304 988 3365 cle·

61 3394 130 3456 ricis
140 3394 312 3471 praesertim
322 3395 426 3472 quoad
436 3402 556 3471 partem
565 3397 721 3458 internam
732 3401 779 3459 est
792 3399 985 3462 interdictus.

61 3490 114 3559 Oui
138 3487 242 3566 aliqua
266 3488 305 3548 de
328 3489 365 3549 iis
386 3489 504 3551 erudita
527 3492 613 3568 cupit
635 3492 751 3571 legere,
776 3494 868 3557 adeat
890 3499 989 3557 Bene·

60 3584 130 3647 dict.
147 3585 228 3645 XIV.
244 3584 282 3646 de
298 3584 447 3646 sacrificiu
462 3587 562 3649 Missae
577 3588 632 3651 lib.
647 3590 670 3663 l,
688 3606 757 3668 cap.
773 3607 813 3662 tv,
829 3610 858 3653 r.
