2442 4125
354 329 393 372 nu
414 328 543 374 osraoro
562 328 645 374 roms
667 327 822 374 ornemur.
1015 313 1052 376 43

92 479 95 484 “
116 471 395 553 plinamergahoo
407 474 641 534 sacramentum
652 471 681 531 in
693 489 726 532 se
737 473 924 550 spectatum,
937 471 1051 534 deinde

116 567 203 630 circa
218 567 361 648 ejusdem
375 566 690 628 administrationem.

148 743 162 790 g
178 737 199 780 Ι.
214 747 243 780 na
257 745 389 780 asseramur
403 745 513 779 :cannara
527 746 777 783 raoaisnouunrsruu
793 747 817 780 ru
835 733 862 780 εἰ
877 747 1021 782 senorum.

157 858 196 918 ll.
213 854 305 914 Fides
319 853 466 915 Ecclesia
477 857 524 916 est
534 854 620 933 quod
630 855 792 934 perverba
806 861 1052 923 consecrationis

116 967 343 1029 superponam
358 954 390 1009 et
402 948 510 1009 vinum
525 969 544 1011 a
558 951 721 1012 sacerdote
736 954 869 1031 prolata,
882 956 939 1016 liat
952 956 1051 1016 admi-

118 1047 226 1109 rabilis
246 1045 301 1106 illa
321 1046 484 1107 conversio
505 1047 601 1108 totius
622 1049 805 1111 substantia
827 1051 918 1129 panis
937 1051 969 1111 in
984 1071 1050 1114 cor-

116 1162 188 1222 pus,
206 1142 300 1204 totius
319 1133 503 1202 substantiae
518 1143 583 1203 vini
597 1143 630 1203 iu
645 1143 831 1224 sanguinem
846 1149 882 1208 D.
900 1149 936 1209 N.
954 1149 982 1210 J.
1000 1149 1048 1224 C.‚

117 1257 214 1320 quam
235 1236 410 1297 mirabilem
431 1231 647 1315 operationem
667 1243 759 1300 vocat
773 1243 1051 1306 transsubstantia-

115 1335 247 1396 tionem.
264 1335 366 1404 Quum
381 1334 487 1393 autem
501 1333 648 1397 Christus
658 1335 747 1397 Dom.
765 1338 931 1399 amortuis
944 1357 1051 1399 resur-

116 1448 197 1510 gens
211 1428 345 1506 amplius
367 1446 430 1489 non
444 1428 597 1492 moriatur
612 1431 731 1493 obvim
753 1435 904 1496 naturalis
925 1435 1050 1496 unionis

116 1546 182 1607 qoa
195 1521 301 1606 paites
315 1523 429 1585 Christi
440 1541 503 1585 non
513 1526 649 1604 amplius
663 1527 806 1590 morituri
819 1528 902 1590 inter
911 1547 944 1590 se
956 1522 1051 1608 oopu-

114 1625 233 1699 lantur,
249 1620 351 1682 eredit
371 1639 522 1681 unacum
543 1639 675 1700 corpore
691 1626 722 1686 et
736 1624 922 1703 sanguinem
937 1629 968 1686 et
982 1625 1051 1686 ani-

116 1737 214 1795 mam,
231 1722 263 1779 et
284 1735 348 1778 una
369 1735 441 1778 oum
465 1718 618 1797 sangnine
642 1737 757 1798 eorpus
779 1727 810 1782 et
831 1721 968 1782 animam
991 1723 1049 1785 sub

116 1813 283 1894 speciebus
304 1814 395 1891 panis
409 1817 441 1874 et
455 1812 530 1885 vini,
540 1815 713 1876 contineri:
731 1815 770 1877 ob'
792 1815 1049 1878 indissolubilite-

115 1917 183 1972 tcm
196 1929 271 1973 vero
286 1910 492 1990 hypostatioae
507 1910 631 1970 unionis
647 1914 678 1972 et
688 1911 884 1973 divinitatem
899 1913 1048 1974 unacum
1065 1915 1066 1918 ’

117 2025 250 2087 corpore
272 2011 304 2069 et
317 2007 422 2069 anima
442 2005 556 2068 Christi
578 2007 699 2068 unitam
720 2025 799 2087 asse,
816 2015 1048 2090 proptereaque

116 2106 276 2185 integrum
297 2104 465 2179 Christum,
483 2103 567 2165 faeta
580 2104 942 2179 transsubstantiatione,
959 2123 1045 2179 vere,

115 2201 261 2277 realiter,
277 2200 526 2262 substantialiter
548 2200 607 2260 sub
630 2198 795 2277 speciebus
818 2198 909 2278 panis
932 2198 1048 2260 etvini
1136 2204 1137 2207 ’

114 2297 280 2360 contineri.
298 2300 386 2357 Hanc
406 2299 512 2357 antem
534 2294 752 2357 admirabilem
775 2294 889 2356 Christi
908 2312 1047 2373 praesen-

112 2393 192 2455 tiam
221 2411 283 2453 non
311 2395 554 2453 nomentaneam
587 2410 674 2468 esse,
700 2391 756 2452 sed
788 2396 1044 2469 permanentem,

113 2506 280 2568 quousque
295 2487 385 2566 panis
401 2488 509 2548 etvini
524 2487 645 2565 species
660 2505 722 2547 non
737 2491 990 2565 corrumpantur.

154 2582 358 2643 Cohaerentar
371 2581 411 2641 ad
426 2582 507 2641 hane
526 2582 634 2657 fidem,
651 2581 863 2642 ecclesiastiea
882 2579 1047 2658 disciplina

113 2678 177 2739 duo
200 2677 310 2738 debuit
327 2678 360 2737 in
374 2676 571 2737 Eucharistia
592 2677 696 2756 quoad
712 2695 745 2737 se
761 2676 960 2738 considerata
980 2676 1045 2733 ani-

111 2777 332 2839 madvertere:
352 2778 437 2836 --1ο
453 2775 619 2856 Objectum
641 2776 742 2835 cultus
763 2773 926 2854 supremi:
944 2772 1045 2834 cultus

112 2875 225 2950 latriae,
243 2872 344 2953 qualis
362 2871 419 2933 soli
438 2874 503 2933 Deo
524 2871 676 2933 debetur:
694 2871 835 2932 Christus
858 2869 940 2929 enim
962 2870 1045 2929 Deus

113 2973 171 3031 est.
188 3004 230 3014 —
242 2972 274 3028 2⁰
289 2969 392 3039 Quum
415 2971 520 3029 autem
542 2968 683 3029 Christus
706 2983 846 3045 praesens
864 2966 919 3025 fiat
933 2963 1045 3024 eodem

113 3069 186 3126 actu
202 3081 277 3143 quo,
290 3063 435 3123 distincto
451 3081 507 3141 per
520 3062 619 3123 verba
632 3057 876 3121 consecrationis
891 3058 1044 3137 sanguine

112 3158 181 3239 ejus
196 3176 216 3217 a
230 3174 374 3235 corpore,
392 3159 522 3217 eruenta
535 3172 621 3215 mors
636 3154 704 3233 ejus
717 3154 749 3214 in
764 3170 857 3213 cruce
872 3170 1044 3231 repraesen-

111 3257 212 3329 tatur,
230 3252 378 3314 videlicet
400 3252 432 3311 in
455 3254 537 3313 statu
561 3251 712 3325 victima,
733 3249 791 3309 sub
816 3247 913 3327 signis
935 3249 1045 3309 mortis

111 3345 195 3407 illius
218 3361 316 3424 quam
329 3362 386 3423 pro
402 3344 502 3405 salute
523 3347 631 3405 nostra
654 3360 764 3421 passus
784 3346 841 3418 est,
858 3342 999 3402 Ecclesia
1011 3341 1043 3401 in

111 3437 171 3498 hac
184 3437 312 3499 actione
326 3436 480 3497 demirata
493 3441 541 3496 ast
554 3435 764 3514 symbolicum
778 3435 948 3515 quoddam,
962 3452 1044 3512 mys·
1071 3440 1073 3444 '

111 3534 220 3611 ticum,
237 3532 448 3608 incruentum,
465 3533 571 3592 tamen
594 3548 706 3592 verum
724 3534 756 3592 et
775 3530 903 3609 proprie
924 3528 1043 3590 dietum
