2442 4125
231 299 291 360 260
439 304 670 356 tnsrrnnrroons
689 310 773 356 ionts
795 311 951 356 sonorior.

233 458 364 538 quinon
389 461 462 517 sunt
485 471 681 516 successores
702 453 828 528 Christi,
847 455 904 516 sed
922 455 1035 516 Christi
1053 455 1131 514 unii

233 561 263 616 et
297 551 440 627 ministri,
478 551 605 611 nomine
633 549 745 611 christi
781 549 933 625 offerunt,
972 569 1028 612 seu
1058 551 1131 630 potios

233 669 289 729 per
303 667 356 710 eos
380 654 531 726 tanquam
550 646 685 706 visibiles
708 652 739 706 et
759 647 965 708 secundarios
989 646 1134 708 sacerdotes

233 743 379 822 primario
408 749 438 804 et
462 741 657 803 invisibiliter
684 741 774 802 offert
797 743 962 820 Christus,
986 760 1048 802 non
1068 740 1134 801 seori

232 840 337 900 ficium
364 839 554 900 diversuma
577 836 728 898 sacrificio
753 837 876 912 Christi,
902 839 962 900 sed
986 838 1060 898 illud
1076 835 1135 896 iden

233 935 419 997 sacrificinm
434 933 555 1010 Christi,
571 933 604 991 in
619 933 770 993 offerendi
787 937 908 995 tanturn
921 935 1046 995 ratione
1063 931 1135 993 diser·

233 1050 313 1091 sum.
331 1034 409 1092 Nam
423 1029 534 1090 eadem
548 1028 600 1089 illa
613 1029 716 1090 hostia
730 1047 801 1108 qoae
815 1031 849 1090 in
862 1049 919 1092 ara
934 1031 1039 1092 erneis
1059 1028 1135 1088 oblato

232 1131 297 1202 est,
323 1127 453 1188 offertur
475 1126 507 1207 in
528 1123 733 1188 Eucharistia.
760 1125 847 1187 Idem
871 1127 925 1187 ille
950 1125 1085 1188 Christos
1101 1118 1135 1198 qni
1185 1111 1189 1167 i

232 1221 370 1298 seipsum
385 1221 542 1282 obtulit·in
557 1237 612 1281 ara
626 1221 726 1282 crusis
740 1240 774 1282 se
793 1221 883 1284 offert
897 1222 930 1283 in
956 1219 1134 1283 Eucharistio.
1186 1226 1189 1315 *Ι

272 1317 345 1378 Sola
359 1316 534 1378 differentis
557 1317 589 1376 in
605 1334 643 1378 eo
665 1323 713 1377 est
735 1317 821 1395 quod
844 1335 928 1379 mors
954 1334 1052 1397 qnam
1070 1312 1136 1373 subiit

233 1412 372 1475 Christus
387 1413 418 1473 in
434 1429 488 1472 ara
502 1413 614 1489 erneis,
630 1412 725 1473 fuerit-
737 1415 842 1491 realis,
859 1419 891 1475 et
905 1413 1041 1493 proinde
1054 1425 1135 1472 ornan
1187 1452 1189 1523 p

232 1516 299 1571 tum
314 1507 430 1572 obtulit
440 1511 505 1570 Deo
521 1509 707 1570 sacrificium
730 1510 806 1582 reali
820 1512 1021 1590 separatione
1043 1502 1136 1584 sangui·

234 1606 282 1666 nis
309 1625 326 1666 a
350 1623 498 1684 eorpore;
525 1605 557 1666 in
578 1605 779 1666 Eucharistiae
803 1605 954 1668 sacrificio
980 1607 1133 1668 noanon

154 1733 160 1742 ·
234 1706 300 1764 hoeo
315 1703 476 1780 sanguinis
491 1701 647 1763 distinctio
662 1719 822 1782 aoonpore
832 1703 872 1764 sit
882 1721 972 1764 mere
983 1696 1134 1782 symbolis.
1187 1680 1189 1723 ¹

232 1798 376 1878 mystica,
397 1797 643 1876 representativa
667 1802 699 1860 et
720 1799 754 1859 in
775 1800 875 1878 signo,
899 1819 975 1862 oum
996 1817 1034 1861 ex
1052 1790 1133 1856 christ

231 1892 329 1970 ipsius
350 1889 543 1952 institutione
562 1891 593 1952 vi
616 1891 784 1952 verborum
808 1892 1052 1956 consecrationis
1071 1900 1135 1962 sepe·
1187 1912 1188 1923 κ

232 1991 320 2048 ratur
343 1986 503 2067 sanguisa
526 2003 668 2066 conpore,
689 1995 721 2050 et
736 1989 868 2067 proinde
887 2005 1027 2069 praesens
1046 1979 1132 2044 sistito
1187 2026 1188 2108 1

203 2132 205 2137 .
233 2086 371 2148 Christos
386 2086 513 2147 instato
528 2084 671 2157 victime,
688 2103 745 2146 son
763 2086 823 2147 sub
846 2087 936 2167 signo
951 2083 1060 2148 mortis
1075 2075 1133 2140 itio

234 2197 329 2257 quam
343 2199 398 2258 pro
416 2181 516 2241 salute
531 2184 637 2239 nostra
652 2195 764 2256 passus
778 2182 836 2242 est.

274 2278 347 2335 Haeo
372 2274 520 2338 offerendi
535 2274 696 2335 diversitas
720 2275 794 2336 faoit
817 2284 852 2337 ut
875 2294 975 2337 unum
999 2274 1038 2334 ab
1061 2265 1132 2327 aliem
1187 2259 1188 2312 l

233 2371 484 2432 discriminemus
499 2377 649 2451 tanquam
663 2372 851 2432 sacrificinm
864 2372 1024 2452 religionis
1037 2386 1053 2427 a
1065 2356 1130 2423 saon·

233 2449 1132 2549 fiaioredemptionis‚tanquamsaorffioiumretigiontsqud

235 2565 281 2621 est
296 2576 390 2643 causa
405 2561 650 2625 instrumentalis
664 2564 713 2625 vel
726 2563 908 2626 immediata
922 2568 1035 2626 nostra
1052 2546 1128 2635 joslffi·

235 2659 375 2737 cationis,
393 2666 547 2739 quatenus
567 2661 649 2721 illius
671 2660 827 2722 oblatione
847 2662 989 2740 placatus
1007 2662 1080 2721 Deus
1093 2647 1131 2707 dt
1187 2611 1189 2700 l

235 2775 321 2818 mum
344 2757 533 2836 poenitentiae
549 2755 705 2832 coneedit,
727 2758 916 2819 asuarifioio
939 2739 1129 2829 redemptionis

118 2922 121 2929 ,
192 2848 197 2857 ”
235 2851 319 2930 qnod
343 2848 488 2913 satisfecit
503 2852 567 2911 Deo
592 2856 624 2911 et
638 2868 733 2911 eausa
756 2851 915 2913 meritoria
929 2850 1027 2913 extitit
1044 2842 1129 2903 nostro
1187 2823 1189 2896 Ι

235 2947 486 3011 sanctificationis
512 2965 519 3007 :
547 2964 645 3007 unum
659 2948 820 3027 multiplex
843 2966 900 3009 seu
923 2965 1006 3026 saepe
1027 2938 1129 3002 onear

235 3046 321 3119 dorm,
338 3047 471 3107 alterum
493 3043 590 3103 semel
604 3043 744 3105 oblatum
767 3034 994 3105 oonsnnrmavit
1015 3042 1046 3101 in
1065 3035 1130 3091 aeifli·
1183 3025 1189 3128 l

173 3172 183 3192 ·
235 3160 311 3201 num
326 3139 551 3212 sanctificatos3
568 3138 625 3201 sed
639 3127 851 3201 substantialis
874 3140 1018 3201 identitas
1029 3127 1090 3193 facit
1105 3120 1128 3175 ⁰¹
1184 3133 1185 3158 ¹

237 3238 381 3298 attributa
396 3236 488 3296 nnius
502 3236 695 3314 reperiamus
713 3236 868 3313 inuitato,
889 3242 920 3297 et
934 3240 1086 3306 utrumque
1099 3215 1129 3274 ¹²·
1183 3271 1187 3314 3

236 3332 412 3408 aeolicum,
429 3330 687 3407 Eucharistieum‚
704 3314 1126 3411 impetratoriumppropitiettt

147 3446 153 3455 ·
237 3425 363 3485 sumsit.
374 3426 568 3503 ltaexposita
577 3428 713 3488 essentia
723 3427 901 3507 dogmatios
910 3408 1126 3487 sacrifieiiotltus

237 3516 725 3597 christiani,videamusquoedam
733 3522 775 3583 illi
784 3503 1121 3601 responderitdiseiph'ssl·
