2442 4125
188 304 246 364 294
396 306 627 357 lnsrlrurloasss
648 305 730 350 lllliIS
752 303 908 350 calomen

189 461 276 526 initio
291 458 400 521 fideles
414 457 570 517 honorum
584 451 721 530 pretinm
735 449 885 528 apostolis
898 447 1083 510 offerebant
1097 451 1133 508 nt

190 557 267 620 illud
290 556 373 616 inter
392 568 549 631 pauperes
571 547 813 620 distribuerent3
845 548 877 606 et
899 543 1020 604 scimus
1044 543 1133 622 quod

190 648 313 712 occasio
333 644 470 724 eligendi
492 642 641 702 diaconos
662 639 816 701 fueritne
840 637 1079 717 dispicerentur
1100 639 1134 696 in

191 745 362 810 ministerio
378 740 559 822 quotidiano
574 737 676 798 vidua
690 739 878 798 Graecornm.

232 845 386 906 Suooessu
399 842 588 916 temporum,
615 834 710 895 etiam
731 834 789 894 sub
811 850 911 912 epooa
933 835 1135 911 perseeutio-

192 956 283 1013 num,
313 933 451 1016 episcopi
480 948 642 1011 nunquem
666 930 853 990 destiterunt
875 933 911 990 ut
933 947 994 1008 per
1016 947 1135 990 manns

193 1036 398 1096 diaconorum
421 1032 545 1109 partem
568 1026 763 1090 oblationum
792 1027 825 1088 in
850 1043 927 1087 usus
950 1045 1136 1104 pauperum

192 1130 422 1192 converterent.
441 1126 513 1190 Vita
528 1127 561 1187 S.
577 1122 737 1186 Laurentii
751 1123 898 1201 martyris
912 1122 1077 1184 invictum
1091 1123 1135 1182 rei

193 1226 248 1288 dat
261 1225 450 1303 exemplum.

234 1319 297 1382 Sed
316 1318 442 1379 reddita
460 1316 607 1378 Ecclesia
630 1333 707 1394 pace
726 1315 786 1378 boc
804 1315 968 1376 eharitatis
992 1314 1135 1376 studium

194 1417 280 1498 quod
294 1432 418 1494 semper
432 1411 554 1474 effervit
566 1414 599 1472 in
614 1411 764 1488 Ecclesia,
780 1412 812 1472 in
827 1411 1003 1490 peculiaria
1016 1411 1136 1490 prodiit

194 1513 338 1576 instituta
364 1529 420 1590 pro
445 1507 594 1590 juvandis
623 1512 654 1570 et
684 1507 896 1570 beneficiandis
924 1506 1132 1586 pauperibus.

196 1609 316 1666 Horum
330 1602 491 1682 praecipua
504 1602 632 1664 fuerunt
649 1621 655 1662 :

237 1704 267 1760 10
281 1699 466 1777 Hospitalia.

236 1798 267 1853 2⁰
282 1794 402 1855 Montes
417 1794 551 1872 pietatis.

548 1957 569 2000 1.
582 1959 613 2000 lle
626 1957 777 2014 hospitalibus.

238 2086 289 2146 lll.
307 2086 427 2144 Horum
436 2082 581 2144 indicabo
593 2087 625 2143 l⁰
635 2082 805 2159 notionem,
816 2086 848 2143 2⁰
858 2082 992 2160 species,
1006 2086 1039 2144 30
1049 2084 1131 2163 leges

199 2180 489 2242 administrationis.

240 2277 270 2332 10
288 2272 480 2334 DeNotione.
501 2307 541 2319 -
559 2272 702 2352 Optimus
723 2272 808 2333 visus
828 2276 875 2335 est
895 2272 1010 2335 modus
1033 2274 1130 2354 provi-

201 2368 296 2427 dendi
324 2368 478 2447 stabiliter
505 2368 686 2448 indigentiis
709 2384 905 2447 pauperum,
932 2370 958 2430 si
983 2369 1017 2429 in
1038 2388 1129 2431 unum
1209 2364 1210 2407 ³

201 2461 435 2542 quodammodo
452 2462 619 2543 collegium
634 2462 856 2542 colligarentur
870 2465 956 2543 quod
976 2463 1127 2527 communi
1209 2480 1210 2507 ³

201 2562 295 2622 domo
311 2560 467 2622 adinstar
490 2562 749 2622 communitatum
773 2561 1056 2626 ecclesiasticarum
1073 2582 1128 2642 gu-

199 2657 399 2717 bernaretur.
429 2659 547 2718 Domus
575 2656 616 2716 ad
645 2656 727 2717 buno
750 2656 846 2716 finem
870 2660 1023 2721 extruotae
1045 2658 1126 2719 dicta

201 2759 273 2814 sunt
287 2752 456 2832 hospitalia
473 2774 479 2813 :
501 2752 634 2831 proinde
649 2752 811 2832 hospitalis
826 2755 952 2816 nomine
966 2774 1031 2817 non
1044 2755 1126 2815 intel-

200 2850 327 2931 ligimus
354 2848 405 2910 hio
424 2848 516 2927 juxta
545 2848 631 2910 vocis
660 2854 787 2928 etymon
814 2850 919 2911 locum
947 2851 1127 2931 recipiendis

170 2986 174 2991 -
201 2946 378 3025 hospitibus
393 2945 595 3022 destinatum,
613 2945 669 3005 sed
691 2945 802 3007 domus
822 2964 930 3008 omnes
951 2946 1125 3027 colligendis

203 3044 234 3102 et
244 3040 393 3121 juvandis
407 3042 599 3121 pauperibus
615 3043 794 3103 destinatae.

242 3140 275 3195 2⁰
290 3134 333 3195 De
346 3134 511 3213 Speciebus.
527 3169 567 3181 -
590 3135 718 3215 Species
742 3135 977 3215 distinguuntur
999 3136 1064 3197 sive
1082 3154 1123 3195 ra·

202 3225 287 3286 tione
302 3229 497 3301 auctoritatis
512 3246 573 3307 qua
588 3228 727 3291 lundata
742 3232 825 3305 sunt,
843 3230 908 3291 sive
922 3230 1046 3293 ratione
1059 3250 1123 3310 pau-

108 3388 115 3405 ·
203 3336 315 3396 perum
330 3322 442 3399 quibus
457 3324 645 3402 recipiendis
660 3324 865 3387 destinantur.

245 3412 316 3471 Alia
330 3416 413 3474 enim
431 3419 651 3481 ecclesiasticae
667 3420 861 3481 auctoritatis
874 3421 1063 3499 interventu,
1083 3422 1124 3483 rel
1209 3486 1210 3505 χ

206 3506 245 3563 de
260 3504 407 3567 Ecclesia
416 3509 596 3587 jredditihus
615 3515 665 3577 vol
688 3516 727 3576 dc
751 3516 818 3577 aliis
841 3515 901 3595 piis
924 3517 1122 3581 oblationibus
1209 3550 1210 3567 1
