2442 4125
342 285 380 329 nn
402 283 529 331 omnem
549 284 633 331 runrs
655 284 810 331 canonrcr.
1003 275 1039 333 81

103 431 207 515 gentio
227 429 350 492 dicitnr.
372 432 454 492 Usus
475 428 745 509 indulgentiarum
764 430 825 493 fuit
842 437 991 494 comtaus
1009 433 1041 493 in

103 528 261 605 Ecclesia,
284 526 341 587 sed
365 530 399 588 ut
420 526 610 589 conveniens
634 532 692 604 est,
716 528 749 588 in
770 529 892 590 ratione
915 528 1043 591 inversa

103 624 365 707 poenitentiarum
381 643 388 684 :
402 642 458 684 seu
478 642 539 703 quo
559 623 669 695 durior
684 623 745 687 fuit
762 623 928 704 disciplina
940 626 1043 705 poeni-

103 720 233 796 tentiae,
270 737 307 781 eo
335 720 438 781 minor
467 718 526 780 fuit
553 719 823 799 indulgentiarum
850 721 1039 797 necessitas,

105 834 207 897 quum
225 815 390 894 disciplina
407 814 554 876 Ecclesia
574 814 695 877 directa
713 817 796 895 esset
813 819 849 877 ut
866 832 923 893 per
942 816 1042 895 poeni-

101 912 220 975 ientias
242 912 274 973 in
298 914 494 973 sacramento
516 912 709 990 peanitentiae
730 911 889 991 injunctas
908 918 1041 990 peccata

107 1008 205 1071 etiam
229 1008 334 1088 quoad
357 1008 515 1086 integram
537 1025 666 1087 poenam
687 1006 895 1086 temporalem
916 1006 1043 1068 lueren-

106 1108 180 1178 tur3
202 1104 258 1164 sed
278 1101 404 1183 quando
424 1103 525 1165 aetatis
544 1106 644 1165 status
662 1102 734 1163 talis
753 1107 822 1167 erat
834 1109 869 1164 ut
886 1102 1042 1184 gravitate

107 1198 367 1279 poenitentiarum
402 1198 548 1259 homines
574 1216 594 1258 a
621 1197 814 1277 poeuitentiae
845 1202 1041 1261 sacramento

107 1297 337 1371 averterentur,
356 1312 394 1354 ne
414 1293 587 1373 disciplina
606 1294 693 1373 rigor
711 1297 794 1355 esset
812 1295 935 1356 neemia
953 1296 1040 1373 mali,

106 1398 185 1457 tune
198 1411 260 1473 quo
274 1391 420 1454 blandior
437 1392 567 1454 inducte
586 1395 634 1454 est
652 1392 816 1473 disciplina
834 1394 1039 1472 poenitentiae,

107 1510 147 1553 eo
168 1490 271 1571 major
291 1493 436 1569 receptus
458 1492 505 1551 est
524 1488 792 1570 indulgentiarum
810 1508 886 1551 usus
904 1497 940 1552 ut
958 1491 1042 1552 illius

105 1586 245 1649 defectui
261 1585 469 1664 suppleretur.
487 1588 521 1647 ln
537 1588 693 1647 vetustate
712 1590 785 1647 sunt
803 1603 878 1645 rara
897 1584 1042 1665 exempla

104 1681 324 1761 indulgentia,
348 1685 379 1743 et
400 1698 498 1742 unum
520 1700 586 1762 prae
610 1682 733 1745 catoris
756 1680 874 1743 eminet
890 1681 1041 1743 relaxatio

105 1778 301 1857 poenitentia
321 1776 486 1840 residualis
505 1777 546 1839 ad
566 1797 678 1859 preces
698 1783 884 1858 martyrum,
904 1796 975 1858 quar
992 1796 1043 1839 se·

106 1872 267 1935 oernenda
283 1878 330 1933 est
346 1890 457 1952 space
472 1891 542 1952 quae
561 1874 697 1936 instante
715 1877 816 1934 morte
830 1873 880 1934 vel
893 1891 1042 1953 persecu-

104 1970 194 2032 tione
218 1969 435 2043 dabamhi
460 1968 544 2029 enim
571 1968 617 2043 sie
638 1968 873 2045 reconciliandi,
898 1971 1041 2030 cessante

105 2063 260 2144 periculo,
275 2063 391 2124 iterum
404 2061 597 2142 poenitentia
611 2062 881 2141 supponebantur.

151 2159 214 2222 Sed
235 2159 339 2222 medio
364 2177 431 2220 aevo
455 2159 631 2220 collabente
654 2157 840 2238 poenitentia
862 2156 1043 2235 percrebuit

105 2252 377 2332 indulgentiarum
400 2271 492 2328 usus,
526 2259 557 2312 et
584 2252 723 2330 collapsa
749 2251 851 2331 magis
877 2250 1041 2332 magisque

106 2357 221 2410 auctus
235 2351 291 2410 est.
309 2349 355 2408 Ex
373 2349 485 2410 eadem
504 2349 657 2410 varietate
676 2346 850 2427 disciplina
863 2347 982 2409 factum
995 2351 1043 2409 est

105 2448 143 2506 ut
164 2461 262 2525 quum
281 2444 403 2524 vigeret
423 2444 548 2522 publiea
561 2444 758 2524 poenitentia,
774 2443 805 2504 in
825 2443 969 2524 ejusdem
982 2445 1043 2505 im-

105 2535 281 2596 minutione
302 2535 488 2614 poenitentia
508 2538 695 2598 consisteret
717 2558 724 2598 :
748 2556 787 2598 ea
809 2539 985 2601 collabente
1008 2539 1041 2599 in

106 2630 251 2710 ejusdem
265 2631 481 2709 redemptione
496 2631 564 2692 aliis
577 2632 638 2712 piis
653 2633 812 2712 operibus,
825 2652 873 2694 ex.
886 2652 948 2712 gr.‚
961 2634 1041 2694 elee-

106 2725 248 2803 mosynis
264 2743 333 2805 quae
348 2725 386 2795 in,
395 2743 570 2806 pauperum
581 2728 767 2805 subsidium,
780 2747 836 2808 pro
847 2727 1041 2790 aedificandis

107 2826 140 2882 et
159 2821 346 2901 reparandis
367 2821 526 2899 ecclesii3‚'
541 2824 825 2898 convertebantur3
848 2843 905 2902 pro
926 2824 1042 2883 libera-

106 2917 193 2978 tione
215 2918 307 2978 torrae
326 2921 454 2994 saneta,
471 2918 548 2980 ilem
568 2919 819 2998 expeditionibus
840 2921 952 2979 contra
971 2916 1042 2977 infl-

107 3010 195 3072 deles
218 3030 276 3090 pro
303 3013 392 3074 bellis
421 3014 518 3074 sacris
544 3035 551 3075 :
580 3016 720 3094 collapsa
741 3017 848 3075 autem
876 3012 1042 3094 disciplina

106 3110 293 3169 manserunt
310 3108 453 3171 formulae
472 3116 595 3172 veteres
610 3129 681 3190 quae
700 3128 734 3170 se
753 3110 894 3172 referunt
912 3110 953 3171 ad
973 3128 1043 3190 sys-

106 3205 193 3262 tema
210 3200 437 3280 poenitentiale,
454 3203 486 3262 in
506 3202 621 3283 quibus
639 3203 675 3264 fit
694 3200 812 3264 mentio
830 3202 968 3281 plurium
986 3220 1042 3264 en-

105 3315 232 3374 uorum‚
250 3297 384 3374 dierum,
402 3299 691 3379 quadragenarum,
707 3297 764 3359 sed
780 3316 892 3377 reapse
907 3317 969 3360 non
983 3297 1043 3358 mi-

104 3398 208 3458 nuunt
221 3394 441 3473 poenitentiam
455 3395 642 3457 eanonicam
661 3413 732 3475 quae
754 3395 890 3475 amplius
911 3413 974 3456 non
996 3397 1044 3452 est

103 3491 218 3568 leuen,
232 3495 265 3550 et
279 3490 431 3572 abrogata
445 3494 504 3570 est,
517 3492 573 3553 sed
587 3492 736 3571 supplent
749 3491 831 3554 illins
846 3488 983 3553 defectui
996 3487 1042 3547 in-

585 3613 587 3618 .
905 3586 935 3641 5*
