2442 4125
333 398 372 443 oa
393 396 520 444 omscro
539 398 623 445 ruere
644 398 800 446 eruemur.
991 392 1030 451 '15

88 542 147 604 nis
171 538 365 619 afflictiones,
389 542 545 605 melorum
571 543 749 623 tolerantia,
774 548 984 626 temperantia
1010 570 1031 613 a
1153 578 1159 587 ·

85 638 176 718 jocis
197 639 229 697 et
248 636 461 716 voluptatibus
479 640 574 701 etiam
590 638 694 714 licitis,
710 642 846 720 propria·
861 644 1029 707 voluntatis

89 731 275 809 submissio,
293 736 325 794 et
338 734 444 795 omnia
457 752 575 813 genera
588 736 875 799 mortificationum.
886 741 935 801 Ad
950 742 1030 804 elee-

87 846 263 907 mosynam
276 846 351 889 vero
365 836 553 893 revocantur
566 833 674 893 omnia
685 850 783 911 opera
801 838 868 896 tum
882 854 1031 917 corpora·

87 924 139 985 lia
159 930 227 983 tum
247 924 420 1001 spiritualia
442 926 675 987 misericordiae.
701 928 784 989 Scite
804 929 837 989 in
857 930 940 992 benc
962 950 1030 993 rem

90 1020 227 1081 adnotat
242 1020 455 1082 catechismus
469 1040 549 1083 rom.
567 1023 606 1083 de
621 1024 745 1102 poenit,
756 1025 775 1103 fi
785 1028 854 1099 lut,
867 1029 935 1102 106,
949 1030 1006 1089 lor
1019 1047 1026 1090 ε

96 1138 115 1173 u
134 1116 184 1175 Nil
202 1118 436 1179 convenientius
454 1118 540 1179 hisee
559 1138 629 1181 esse
648 1124 751 1197 potest
768 1122 810 1183 ad
828 1124 1029 1203 extirpandas

92 1212 238 1273 omnium
251 1216 453 1291 peccatorum
467 1215 606 1290 radices3
629 1234 704 1275 nam
722 1236 820 1297 quum
837 1236 930 1281 omne
944 1222 1029 1302 quod

89 1311 128 1370 in
141 1309 261 1370 mundo
275 1314 334 1386 est,
356 1311 610 1389 coucupiscentia
628 1312 732 1373 caruis
749 1314 800 1390 sit,
817 1318 848 1376 et
868 1316 1029 1396 concupis·

91 1406 199 1467 centia
216 1406 389 1483 oculorum,
412 1414 444 1468 et
464 1408 613 1487 superbia
633 1408 718 1486 vitae,
744 1426 837 1472 nemo
858 1428 922 1473 uon
942 1412 1029 1475 videt

91 1505 182 1566 hisce
205 1506 306 1567 tribue
327 1506 431 1568 morbi
454 1508 555 1569 censis
576 1508 708 1570 totidem
726 1509 911 1586 medicinas,
931 1510 1027 1589 priori

90 1602 217 1665 scilibet
233 1602 400 1683 jejunium,
417 1601 508 1663 alteri
529 1602 774 1681 eleemosynam,
794 1603 895 1665 terh'ae
914 1604 1028 1665 oratio·

89 1716 179 1775 nem,
191 1699 360 1761 rectissime
373 1698 677 1791 opponi-Praeterea
690 1700 790 1761 Deum
805 1699 946 1761 oratioue
960 1699 1028 1778 pla-

91 1810 214 1870 camus,
231 1793 372 1871 proximo
387 1792 622 1870 eleemosynam
635 1792 855 1870 satisfacimus,
872 1794 1027 1872 nosipsos

86 1888 213 1971 jeJunio
235 1889 436 1969 castigamus.
461 1910 475 1946 u
508 1892 578 1951 Uno
606 1889 715 1966 verbo,
742 1906 840 1969 quum
862 1889 931 1952 haec
952 1889 1025 1965 tria,

91 2004 208 2066 nempe
229 1986 334 2061 oratio,
358 1984 546 2068 eleemosyna,
567 1982 727 2064 jejunium,
750 1988 950 2066 opponantur
972 1985 1028 2045 tri-

89 2083 168 2163 plici
187 2087 387 2162 peccatorum
406 2081 495 2160 fonti,
519 2081 666 2144 videlicet
685 2082 853 2160 superbiae,
872 2082 1025 2158 avaritiae,

5 2217 7 2220 -
90 2179 364 2258 concupiscentia,
380 2183 411 2241 et
432 2176 703 2258 comprehendant
724 2178 906 2240 exercitium
925 2177 1026 2240 cheri·

89 2277 166 2338 tatis
179 2277 213 2337 iu
226 2278 337 2354 Deum,
348 2277 381 2336 in
395 2277 566 2356 proximos,
577 2277 609 2336 in
625 2275 844 2354 nosmetipsos,
855 2275 920 2339 lata
932 2275 1028 2356 signi·
1066 2348 1070 2354 Δ

90 2370 237 2431 ficatioue
252 2368 519 2448 comprehendere
535 2369 568 2429 id
583 2386 675 2430 omne
690 2368 848 2445 videntur,
865 2368 950 2450 quod
967 2385 1025 2448 pro

89 2467 294 2543 peecatorum
308 2465 518 2527 satisfactione
532 2469 683 2544 praeetere
698 2483 874 2544 possumus.

130 2561 185 2622 lV.
209 2559 333 2640 Tempus
353 2577 416 2639 quo
438 2559 619 2640 hujusmodi
639 2561 824 2639 poenitentia
843 2558 1026 2640 peragenda

91 2662 151 2733 est,
171 2657 262 2738 juxte
281 2658 443 2738 antiquam
463 2659 609 2720 Ecclesiae
634 2657 840 2737 disciplinam,
866 2657 1024 2719 communi

89 2749 162 2828 lege
191 2751 403 2828 praeveniebat
429 2751 670 2828 absolutionem,
700 2771 770 2832 quae
799 2771 862 2814 nou
890 2751 1026 2813 dabatur

91 2844 251 2907 ordinario
273 2847 331 2908 nisi
354 2848 509 2926 complete
526 2849 711 2925 poenitentia
735 2867 742 2910 ε
766 2846 1022 2921 diriordinario,

91 2940 168 3019 quia
183 2956 247 3001 non
261 2939 375 3000 desunt
389 2940 532 3020 exempla
542 2940 745 3002 absolutionis
755 2939 838 3001 datas
847 2939 1024 3000 etiamante

90 3034 272 3113 perfunctos
290 3041 322 3097 et
340 3035 480 3115 expletos
498 3037 690 3115 poeniteutiae
708 3035 843 3111 labores,
861 3035 912 3095 vel
934 3037 964 3095 l⁰
983 3034 1024 3096 ad

90 3131 256 3194 instantias
278 3138 465 3212 martyrum,
488 3137 518 3194 2⁰
541 3132 581 3194 ob
604 3133 723 3194 instans
746 3131 819 3193 vitae
842 3131 1021 3208 discrimen,

89 3231 122 3289 3⁰
146 3229 188 3289 ch
211 3229 380 3292 instantem
403 3230 665 3307 persecutionem,
690 3232 722 3289 4⁰
746 3229 871 3309 quando
893 3228 1024 3308 insignis

90 3324 164 3385 boui
180 3325 371 3403 procurandi
384 3343 456 3404 spes
470 3325 653 3404 affulgebat,
669 3343 700 3385 v.
716 3342 779 3403 gn,
796 3342 834 3384 ex
848 3322 1023 3386 haeresivvel

89 3422 258 3484 schismate
287 3421 365 3482 alios
392 3439 499 3483 secum
526 3421 567 3481 ad
595 3421 766 3482 Ecclesiam
793 3420 1021 3492 conducebant,
1126 3469 1129 3475 .

89 3520 120 3578 5⁰
135 3519 177 3579 cb
198 3517 391 3598 singularem
411 3519 508 3579 animi
528 3516 670 3579 dolerem
690 3522 721 3580 et
738 3517 905 3591 fervorem,
921 3517 953 3574 iu
967 3515 1023 3571 im-

88 3615 238 3694 plendam
252 3615 481 3695 poenitentiam.
