2442 4125
194 328 252 388 ico
404 336 636 383 rusrrrurronss
656 334 740 381 roais
761 334 914 381 canonici.

192 485 297 566 gratia
310 482 481 543 accedente
496 486 629 555 naturae,
640 478 798 555 duplicem
812 477 975 539 hominem
990 496 1067 539 non
1088 479 1160 539 dis·

193 580 384 660 tinguimus,
407 572 466 638 nco
487 595 561 637 eum
580 576 611 635 iu
634 574 752 653 duplici
774 574 881 635 ordine
906 575 1091 652 ponimus,
1122 580 1161 636 ut

192 676 291 753 possit
312 691 410 735 unum
431 672 481 734 vel
501 672 636 731 alterum
656 670 794 745 servare,
811 674 842 731 et
863 670 958 729 finem
980 672 1157 751 consequi

189 770 280 848 juxta
294 787 392 831 unum
406 767 455 828 vel
466 766 558 846 juxta
571 765 717 825 alterum.
734 766 782 825 lta
796 764 889 839 homo
904 781 970 825 non
986 764 1157 825 subditur

192 866 311 945 duplici
329 863 402 943 legi,
422 861 478 923 sed
500 860 568 939 ipsa
588 860 639 920 lex
660 859 788 919 moralis
805 859 875 939 lege
896 860 1155 937 supernaturali

192 963 305 1023 affecta
319 964 378 1035 est,
396 957 553 1038 siquidem
566 954 649 1017 illius
665 955 841 1017 observatio
854 954 895 1015 ad
909 954 1012 1016 finem
1026 974 1152 1035 super-

193 1059 370 1122 naturalem
383 1056 505 1117 directa
518 1060 575 1117 est.

232 1153 329 1233 Atqui
347 1151 495 1213 Ecclesia
514 1154 561 1212 est
580 1149 715 1230 dirigere
734 1148 894 1210 hominem
913 1149 954 1209 ad
970 1151 1083 1212 finem
1098 1171 1147 1213 su-

191 1248 438 1327 pernaturalem,
460 1246 711 1325 independenter
730 1262 750 1304 a
767 1248 922 1325 potestate
943 1245 1100 1323 politica,
1117 1251 1146 1307 et

191 1345 300 1405 ordine
315 1345 402 1422 prior
420 1342 551 1403 directio
571 1347 629 1404 est.
650 1343 731 1420 Ergo
753 1339 906 1420 quidquid
928 1343 1082 1419 pertinet
1104 1342 1144 1403 ad

191 1438 396 1501 directionem
410 1435 528 1496 ordinis
542 1435 670 1496 moralis
688 1448 744 1511 pro
765 1432 953 1509 christiania,
971 1434 1140 1495 exclusive

191 1541 222 1595 et
235 1533 484 1614 independenter
498 1530 717 1591 ecclesiastica
731 1528 919 1608 legislationi
935 1535 967 1589 et
979 1530 1139 1609 potestati

190 1634 349 1706 subditur;
367 1636 461 1712 atque
476 1631 538 1691 tale
553 1632 601 1690 est
614 1627 860 1690 matrimonium.
877 1629 961 1706 Ergo
983 1647 1052 1709 qua
1068 1647 1139 1690 mo·

189 1728 264 1787 ralis
280 1730 458 1788 contractus
469 1728 526 1798 est,
538 1726 697 1803 integrum
706 1722 924 1783 ecclesiasticae
938 1722 1136 1802 legislationi

190 1821 346 1896 subditur,
363 1824 397 1881 ut
410 1819 493 1879 illius
507 1823 655 1880 naturam
668 1817 777 1879 fideles
790 1818 913 1895 doceat,
930 1818 1134 1880 conditiones

190 1916 377 1978 determinet
404 1918 439 1977 ut
464 1914 547 1974 illius
571 1915 720 1975 honestas
743 1918 897 1991 servetur,
921 1932 981 1974 nec
1007 1918 1133 1977 tantum

190 2012 407 2094 prohibitivas,
424 2011 480 2074 sed
493 2010 664 2074 irritandas
679 2019 790 2072 causas
810 2029 879 2092 quae
899 2011 939 2073 ad
953 2011 1036 2074 illud
1049 2013 1130 2074 rele-

189 2109 312 2188 runtur,
325 2110 470 2171 definiat:
484 2111 550 2169 Hoc
564 2126 639 2169 vcro
651 2109 796 2185 observa,
808 2109 1006 2188 potissimum
1021 2110 1129 2188 quoad

188 2206 358 2283 vinculum,
375 2205 461 2286 quod
475 2209 523 2266 est
536 2204 605 2265 fons
620 2205 760 2266 omnium
775 2204 1006 2284 obligationum
1025 2217 1129 2266 mora·

189 2298 278 2359 lium.

226 2395 258 2450 Ξ·
272 2391 429 2470 Quidquid
444 2394 484 2454 sit
498 2393 538 2454 de
556 2394 730 2473 quastione
750 2412 791 2455 an
809 2393 969 2470 sacerdos,
982 2391 1037 2453 cel
1051 2410 1125 2454 con-

187 2486 347 2548 trahentes
366 2488 428 2549 sint
445 2488 580 2551 ministri
598 2491 787 2552 sacramenti
800 2488 1002 2566 matrimonii,
1021 2490 1072 2550 vel
1092 2497 1124 2552 ut

187 2580 301 2663 aliquis
321 2583 416 2645 sentit
436 2584 614 2664 (Rosmini),
629 2586 777 2647 sacerdos
792 2585 831 2648 sit
848 2585 989 2646 minister
1004 2603 1042 2645 ex
1056 2587 1123 2650 offi-

187 2675 245 2749 cio,
263 2674 483 2736 contrahentes
499 2681 588 2737 extra
602 2677 757 2737 ordinem.
775 2676 934 2756 Quidquid
955 2677 995 2738 sit
1016 2683 1122 2740 utrum

186 2773 293 2834 omnia
307 2773 433 2833 omuino
454 2774 655 2834 matrimonia
676 2775 916 2836 christianorum
938 2776 998 2836 sint
1019 2794 1122 2839 sacra-

186 2871 303 2940 menta,
319 2866 342 2925 ii
356 2866 439 2926 enim
455 2867 549 2926 etiam
563 2868 617 2945 qui
632 2869 786 2930 sustinent
800 2869 958 2928 ministros
969 2885 1035 2928 osse
1046 2887 1120 2930 cou-

185 2963 347 3024 trahentes
365 2961 520 3036 dubitent,
541 2968 647 3021 utrum
668 2964 731 3022 sint
752 2969 948 3024 sacramente
961 2964 1119 3027 matrimo-

186 3053 238 3113 nia
252 3054 335 3116 facte
353 3073 410 3132 per
428 3057 678 3133 procuratorem,
695 3057 930 3117 matrimonium
946 3055 1116 3118 infidelium

186 3151 257 3220 post
275 3151 513 3211 conversionem
537 3149 630 3209 unius
651 3151 701 3210 vel
725 3153 901 3232 utriusque,
921 3151 1116 3216 matrimonia

186 3239 212 3296 si
225 3239 337 3300 fierent
350 3259 422 3302 cum
441 3245 576 3322 positiva
593 3245 768 3306 intentione
788 3263 851 3306 non
869 3237 1052 3326 'suscipiendi
1066 3265 1114 3308 sa·
1210 3231 1211 3238 ἵ

187 3339 394 3398 crementum.

225 3429 384 3509 Quidquid
412 3432 451 3493 sit
479 3435 518 3495 dc
547 3437 692 3498 omnihus
715 3437 764 3499 his
790 3438 1011 3518 quaestionibus
1032 3459 1108 3522 qua,

124 3582 132 3594 ,
185 3525 273 3584 salva
295 3525 358 3583 fide
382 3526 560 3601 agitantum
584 3539 706 3592 certum
726 3537 774 3596 est
794 3533 1025 3596 matrimonium
1043 3556 1106 3604 osse
1208 3519 1209 3583 l
