2442 4125
230 320 287 378 160
437 324 665 373 rnsrrrnrroras
686 322 770 369 sorus
792 322 946 369 canonici.

268 476 332 539 Sed
359 475 427 535 baec
454 470 661 535 contrahendi
694 469 796 531 forma
822 469 942 531 tamdiu
969 471 1159 549 perdurasse

140 609 143 613 ·
229 575 363 648 videtur,
381 569 531 650 quamdiu
551 586 621 647 quae
641 586 679 627 ex
699 584 736 627 eo
757 572 919 627 contractu
938 569 1161 646 perficiebatur

229 668 377 748 obligatio
395 665 574 726 firmissima
588 664 658 740 fuit,
678 667 709 725 et
723 663 804 725 actio
818 664 891 723 inde
907 666 982 723 nata
995 663 1157 744 injudicio

228 784 301 826 cum
320 765 431 825 effectu
453 760 624 840 proposita.
642 760 683 822 At
696 765 864 838 postquam
880 759 1051 821 inductum
1071 767 1120 821 est
1133 765 1160 820 ut
1208 764 1209 807 ἓ

228 861 319 922 facile
339 859 372 919 in
394 858 518 918 irritum
539 854 684 931 caderet,
701 854 894 933 indulgendo
915 856 1044 932 sponsis
1066 874 1107 916 ne
1126 856 1158 916 ad
1208 816 1209 911 i

228 950 444 1015 contrahenda
466 948 613 1029 conjugia
634 947 850 1028 obligarentur
863 948 1058 1011 reluctantes
1075 954 1107 1012 et
1119 951 1158 1011 in·

228 1050 294 1124 viti,
311 1046 428 1127 negligi
447 1044 542 1124 coepit
561 1062 600 1105 ea
613 1044 760 1104 solemnis
780 1044 1074 1107 contrahendorum
1094 1064 1157 1108 eon·

113 1153 115 1157 ·
225 1143 385 1222 jugiorum
401 1142 492 1218 ratio,
504 1144 536 1203 et
549 1143 730 1201 contractus
744 1139 936 1217 sponsalium
951 1141 1108 1203 redactus
1121 1146 1157 1201 est

228 1241 263 1298 nt
283 1237 342 1298 sit:
360 1238 393 1317 (l.
409 1239 434 1312 l,
451 1238 483 1299 ff.
501 1238 533 1299 h.
551 1236 588 1315 t.)
603 1235 693 1297 Nudo
710 1235 816 1296 mentio
834 1245 861 1296 et
879 1237 1068 1315 repromissio
1087 1238 1156 1316 futu-

228 1347 331 1388 rorum
345 1328 526 1409 nuptiarum,
543 1347 599 1389 seu
615 1328 777 1389 uiolariue
793 1327 917 1389 definiri
935 1330 1039 1391 solet:
1065 1329 1127 1391 Viri
1136 1335 1156 1387 rt

228 1424 357 1485 mulieris
371 1432 471 1484 mutuo
483 1423 636 1504 promissio
650 1423 747 1504 [atari
759 1424 952 1485 matrimonii.

267 1524 284 1584 J
287 1540 340 1583 am
348 1540 423 1583 vero
434 1520 575 1582 Ecclesia
589 1520 746 1581 connubia
760 1521 1006 1583 christianorum
1017 1524 1155 1586 modera-

228 1624 308 1696 tura,
326 1618 444 1680 nullam
464 1618 593 1697 quidem
606 1618 729 1695 aspexit
746 1617 965 1680 necessitatem
979 1618 1153 1700 hujusmodi

227 1718 425 1772 contractum
438 1709 659 1789 praemittendi.
677 1713 836 1786 Attamen,
850 1710 915 1771 sive
931 1710 1007 1790 quia
1023 1712 1154 1774 moribus

227 1811 295 1869 erat
317 1810 479 1885 receptus,
505 1810 536 1868 et
558 1807 657 1869 multo
689 1807 789 1887 magis
814 1808 888 1888 quia
911 1808 955 1868 nil
978 1810 1153 1872 continebat
1208 1878 1209 1893 ,

226 1902 472 1979 immoralitatis,
502 1902 583 1964 ultro
612 1902 792 1983 hujusmodi
824 1904 985 1983 pactiones
1023 1906 1151 1967 admisit

226 2002 291 2062 lmo
311 1998 428 2080 optime
447 1998 522 2062 visae
538 2002 612 2062 sunt
629 2000 774 2079 componi
790 2017 881 2079 posse
901 2018 973 2061 cum
992 2004 1151 2065 sanctitate

225 2097 416 2162 matrimonii
447 2097 626 2173 christiani,
652 2101 687 2159 ut
709 2097 823 2176 majori
847 2098 1104 2162 consideratione
1128 2101 1152 2158 et
1208 2093 1209 2126 ³

225 2195 427 2273 dispositione
443 2212 479 2255 eo
493 2193 588 2254 modo
607 2191 806 2270 suscipiatur,
824 2211 886 2274 quo
906 2195 1105 2272 sperandum
1120 2193 1150 2254 sit
1208 2177 1209 2248 l

225 2293 379 2370 optimum
406 2293 526 2354 exitum
552 2292 619 2352 fore
647 2291 840 2352 habiturum.
863 2293 1068 2373 Quapropter
1094 2295 1150 2354 hac

224 2385 383 2464 sponsalia
396 2387 491 2447 etiam
501 2387 573 2466 J'ure
588 2393 695 2450 nostro
715 2387 934 2466 admittuntur,
951 2372 1148 2469 quorum'na·
1208 2389 1209 2462 l

225 2485 296 2543 tura
308 2481 470 2559 paululum
484 2485 683 2562 explananda
698 2489 755 2545 est.
772 2486 901 2565 ltaque:

265 2579 295 2638 l⁰
311 2576 476 2656 Sponsalia
494 2596 557 2640 non
572 2585 645 2642 sunt
665 2598 754 2640 mera
766 2580 931 2660 promissio,
947 2580 1003 2641 sed
1027 2580 1148 2661 promis·

223 2675 269 2738 sio
290 2683 401 2747 mnino,
417 2692 473 2735 seu
494 2675 659 2754 promissio
679 2679 712 2738 et
731 2677 948 2754 repromissi03
972 2677 1062 2739 unde
1084 2675 1148 2739 reoi-

222 2790 351 2851 procam
371 2771 541 2848 important
562 2771 803 2851 obligationem,
828 2776 859 2834 et
879 2776 952 2834 sunt
975 2778 1146 2836 contractus
1208 2839 1209 2868 1

221 2866 409 2940 bilateralis3
427 2865 550 2926 undosi
566 2884 647 2926 unus
666 2867 830 2945 promittit,
848 2867 926 2929 alter
947 2867 1062 2946 recipit
1082 2886 1146 2932 con·
1208 2887 1209 2890 ¹

221 2981 363 3040 sensnm,
390 2979 453 3024 non
476 2961 634 3022 habentur
666 2964 838 3042 sponsalia,
861 2963 918 3024 sed
948 2961 1034 3024 nuda
1062 2964 1145 3026 unius

220 3059 384 3134 promissio
400 3063 431 3121 et
445 3057 621 3136 respectiva
636 3058 798 3143 obligatio.

259 3157 292 3212 2⁰
305 3156 427 3217 Debent
449 3155 508 3233 ipsi
531 3155 718 3232 consentire,
735 3174 793 3216 neo
813 3155 865 3216 alii
890 3159 1019 3234 possunt
1044 3155 1144 3236 prolis
1208 3175 1209 3182 ¹

220 3251 395 3309 consentire
410 3251 468 3310 nisi
484 3251 622 3313 habeant
635 3251 770 3331 speciale
785 3252 980 3314 mandatum.
992 3249 1143 3334 Quidquid

220 3341 304 3401 enim
318 3344 359 3404 sit
373 3344 411 3404 de
430 3345 501 3424 jure
522 3352 661 3408 mosaico
678 3346 726 3408 vel
742 3347 780 3407 de
795 3365 926 3408 romano
938 3348 1020 3429 jure,
1039 3367 1143 3410 secun-

219 3436 295 3496 dnm
323 3455 392 3515 quae
421 3440 536 3501 scimus
558 3445 679 3504 constat
706 3443 771 3502 lere
794 3460 920 3502 omnem
948 3447 1074 3522 partem
1095 3439 1143 3504 sibi

218 3531 387 3608 sumpsisse
411 3537 515 3607 patres
534 3536 566 3594 in
580 3536 777 3613 sponsalibus
798 3538 974 3614 praesertim
992 3537 1140 3608 filiarum
