2442 4125
357 399 396 442 ou
417 395 545 443 cernane
565 397 648 443 rums
670 397 825 444 cencium.
1002 389 1056 447 lll

120 545 244 627 jurium
258 545 290 604 ct
302 542 479 604 ciliciorum
493 543 528 602 lit
541 541 709 620 particeps,
732 559 802 622 qua
821 544 933 624 gradui
952 545 1060 607 minis-

123 645 248 703 trorum
266 638 413 700 Ecclesiae
433 636 715 699 ecclesiasticorum
734 640 973 718 magistratuum
994 659 1060 702 ras-

124 736 277 815 pondeut,
290 734 400 795 debuit
409 732 469 793 hcc
480 736 609 794 externa
619 733 713 794 etiam
724 733 888 812 disciplina
897 737 1037 814 profiteri
1049 758 1056 798 ι

124 851 202 913 ergo
217 830 428 892 ecclesiastica
442 827 607 906 disciplina
621 829 738 910 agnita,
755 833 882 908 statuta,
899 832 1059 893 declarate

123 932 199 991 suut
209 926 283 1007 jura
298 928 328 987 ct
338 923 442 986 officia
452 924 648 1002 clericorum,
662 941 731 1004 quae
741 925 864 988 interno
875 928 1059 988 eorumdem

122 1022 221 1086 statui
233 1019 435 1100 respondent,
452 1024 484 1082 ct
496 1020 580 1081 unde
595 1024 743 1082 externus
758 1021 945 1084 clericorum
959 1026 1058 1085 status

122 1119 158 1177 iu
178 1113 389 1176 ecclesiastica
410 1113 585 1174 aeconomia
605 1113 746 1175 resultat.
770 1115 928 1176 Nonnulla
948 1115 988 1175 dc
1009 1115 1070 1198 his

123 1209 415 1273 animadvertebam
429 1208 461 1268 io
475 1211 610 1270 tractatu
627 1207 665 1268 de
680 1210 763 1270 statu
778 1226 985 1286 personarum
999 1210 1059 1270 lic-

123 1307 238 1384 claaiae,
255 1309 369 1367 caetera
382 1304 529 1367 tractatui
542 1303 670 1382 speciali
685 1321 860 1366 reservans.
874 1307 963 1367 Hunc
977 1311 1058 1368 tem-

120 1403 210 1485 poris
223 1402 376 1482 angustiae
395 1405 503 1463 vetant
525 1419 532 1462 :
556 1417 631 1481 ergo
654 1403 746 1478 capta
766 1401 930 1464 occasione
952 1421 1058 1470 sacra-

122 1497 355 1560 mentiurdiuis
368 1513 470 1575 pauca
484 1495 523 1556 dc
535 1495 669 1574 juribus,
694 1495 733 1556 da
755 1495 876 1573 officiis,
898 1497 940 1558 de
961 1498 1058 1558 dura-

120 1596 208 1659 tione
222 1598 321 1656 status
335 1593 497 1669 clericalis,
515 1591 546 1652 in
561 1590 737 1670 appendice
752 1590 865 1654 dicam.

479 1764 667 1809 APPENDI
672 1765 701 1810 X.

508 1881 531 1925 1.
543 1881 575 1926 lie
587 1879 672 1925 ciliciis.

162 1990 245 2053 xlv.
260 1988 331 2050 Alia
344 1986 514 2069 generalia,
531 1984 592 2046 alia
606 1985 765 2064 specialia.

164 2084 316 2149 Gennalia
338 2088 471 2164 possunt
492 2082 686 2162 apprehendi
712 2086 864 2161 tanquam
887 2081 991 2142 media
1015 2080 1055 2142 ad

119 2183 219 2244 finem
240 2180 418 2242 necessaria
437 2180 479 2239 ad
502 2196 597 2259 quam
620 2178 779 2240 institutus
803 2182 851 2237 cst
872 2180 973 2239 status
996 2177 1056 2236 cle-

119 2276 236 2338 ricalis.
254 2275 338 2335 Finis
353 2278 400 2337 cst
414 2278 449 2336 ut
463 2292 501 2335 aa
523 2292 586 2353 qua
607 2292 665 2353 par
687 2276 734 2335 est
755 2272 919 2335 sanctitate
941 2278 972 2333 et
994 2290 1055 2353 quo

119 2370 214 2431 decet
226 2370 340 2431 decore
355 2368 533 2430 christianae
547 2369 674 2431 familiae
688 2370 819 2450 praesint
832 2368 865 2429 in
875 2369 1056 2431 ministeriis

119 2466 224 2528 cultus
239 2464 346 2527 divini.
363 2467 446 2545 Ergo
462 2465 616 2545 quidquid
637 2470 684 2527 est
704 2466 917 2528 necessarium
936 2466 977 2527 ad
995 2466 1056 2527 hoc

119 2567 155 2624 nt
183 2561 290 2623 clerici
318 2562 366 2622 bis
388 2561 569 2623 ministeriis
592 2565 700 2624 sancte
722 2562 923 2638 incumbant,
954 2566 985 2623 et
1012 2562 1055 2644 ita

119 2657 300 2719 christianae
314 2656 457 2719 societati
470 2661 502 2719 ct
515 2658 660 2718 omnibus
670 2658 836 2719 concilient
846 2657 943 2718 divini
954 2658 1054 2718 cultus

118 2753 368 2831 venerationem,
383 2753 416 2813 id
431 2754 551 2815 clericis
565 2754 763 2833 praecipitur3
781 2752 935 2833 quidquid
945 2756 1054 2812 contra

119 2850 302 2913 notabiliter
316 2850 471 2928 distrahit,
487 2850 586 2910 multo
607 2850 708 2930 magis
727 2849 753 2910 si
772 2852 893 2911 avertat
912 2846 1053 2907 absolute

120 2967 141 3009 a
153 2946 319 3009 ministerii
333 2946 508 3023 sanctitate,
532 2947 565 3006 id
586 2946 631 3007 ais
653 2949 701 3007 cst
721 2946 853 3006 vetitum
873 2945 966 3021 prout
987 2959 1053 3001 sus-

119 3047 212 3122 cepto
248 3042 349 3103 ordini
376 3060 576 3121 repugnans,
605 3045 636 3102 ct
663 3040 807 3101 minuens
834 3055 931 3117 panas
957 3036 1054 3098 laicos

117 3140 355 3203 venerationem
378 3140 476 3200 sacris
499 3156 608 3199 eorum
632 3136 811 3198 ministeriis
832 3136 980 3197 debitam.
1004 3136 1053 3196 Ad

118 3231 526 3295 remlaccrevidatur'lrid.
536 3232 631 3293 Cono.
642 3248 718 3291 sess.
728 3232 778 3303 22,
789 3228 963 3319 dereform.
976 3245 1003 3287 c.
1015 3229 1029 3286 l
1043 3246 1050 3287 :

123 3347 138 3382 u
152 3324 238 3385 Nihil
252 3326 299 3384 est
313 3324 398 3402 quod
411 3322 480 3383 aliis
493 3322 594 3403 magis
608 3323 649 3383 ad
664 3323 813 3401 pietatem
827 3326 859 3384 et
868 3321 924 3383 Dei
935 3320 1053 3381 cultum

118 3424 248 3487 assidue
260 3423 405 3498 instruat,
423 3439 518 3500 quam
539 3436 648 3479 eorum
665 3419 731 3479 vita
750 3424 781 3481 et
800 3418 977 3496 exemplum
999 3415 1052 3494 qui

117 3538 151 3581 se
167 3519 276 3581 divino
290 3519 461 3580 ministerio
476 3515 672 3578 dedicarunt.
690 3536 704 3573 n
724 3517 876 3587 Quaenam
889 3512 1005 3573 fuerint
1015 3527 1052 3567 ex

116 3616 275 3699 principio
288 3616 385 3677 semel
403 3614 489 3696 jacto
510 3612 661 3675 derivata
683 3628 839 3673 canonum
861 3607 1052 3677 sanctiones,
