2442 4125
307 305 346 348 ua
366 303 498 350 oaraero
516 304 599 350 roms
622 304 777 352 earorucr.
951 295 1009 354 28³

72 452 142 534 (qui
156 466 351 530 prosequens
364 447 488 511 tabulas
501 448 667 526 paschales
677 449 785 528 Gyrilli
795 449 1009 526 Alexandrini,

68 554 259 626 computum
280 544 421 606 illumin
444 544 584 606 Ecclesia
603 547 746 607 Romana
763 545 813 606 vel
836 563 1011 624 numquam

68 651 237 722 receptum
264 640 471 716 instauravit,
500 639 552 700 vel
579 641 758 702 obsoletum
768 639 1007 724 ,restauravit),

65 737 297 812 Alexandrina,
312 737 454 814 iuquam,
477 736 681 814 computatio,
698 734 772 800 dcet
793 737 915 798 ceteris
937 753 1010 814 per-

66 835 196 910 fectior,
212 834 402 894 nou-tamen
417 833 486 892 erat
499 831 737 909 perfectissima,
759 848 818 892 nee
838 830 1010 908 responde·
1056 887 1060 903 ,

66 933 129 992 bat
142 927 293 990 amussim
306 925 430 988 ventati
447 944 454 985 :
470 925 555 987 unde
579 926 670 1004 praxi
692 926 760 1005 ipso
782 930 926 1005 cogente,
950 926 1010 987 fuit

64 1025 202 1087 candem
216 1022 367 1096 unanime,
378 1020 661 1082 aeclesiasticorum
679 1021 819 1082 virorum
842 1027 953 1082 votum
974 1023 1010 1083 ut

63 1121 291 1185 kalendarium
314 1119 546 1182 reformaretur.
573 1119 684 1192 Quoad
708 1120 848 1182 defectus
872 1121 1006 1200 hujusce

64 1216 247 1280 kalendarii
270 1217 436 1294 vadasque
457 1214 526 1294 ejus
543 1213 783 1276 reformationes
807 1233 865 1276 nec
886 1233 950 1277 non
976 1219 1008 1277 et

61 1312 266 1392 lunationem
280 1311 472 1390 paschalem,
480 1310 562 1402 'vide
575 1310 780 1372 tractationes
798 1311 952 1390 speciales
966 1310 1007 1373 de

64 1407 458 1488 computoecclesiastico.
788 1409 792 1415 '

422 1596 588 1642 aarrcutus
611 1598 655 1641 vr.

274 1729 317 1791 De
330 1729 561 1791 ministeriosae
574 1728 681 1809 officiis
695 1729 797 1792 sooria

110 1894 248 1958 XXVlll.
265 1893 353 1954 Unus
367 1893 511 1970 superest
524 1891 742 1970 paragraphus
759 1891 800 1952 ad
817 1890 1006 1970 explendam

62 1989 291 2052 tractationem
313 1987 353 2047 de
378 1987 474 2048 rebus
491 1986 601 2063 sacris,
622 1985 772 2047 videlieet
791 1986 945 2047 derebus
965 1987 1006 2046 ad

62 2086 277 2148 christianum
291 2084 412 2145 cultum
429 2082 609 2145 immediate
634 2088 666 2144 et
686 2082 805 2143 directo
829 2081 1003 2145 destinatis.

63 2180 126 2240 Est
139 2180 246 2239 autom
260 2176 479 2256 paragraphus
494 2192 589 2255 quem
603 2174 749 2253 inscripsi
763 2175 803 2237 de
824 2175 1004 2238 ministeriis

62 2289 126 2333 seu
136 2269 248 2331 officiis
262 2268 371 2345 saeris,
387 2286 443 2329 seu
459 2268 498 2329 de
513 2268 635 2346 officiis,
658 2269 853 2347 muneribus,
875 2270 925 2331 vel
946 2271 1006 2331 mi-

62 2365 207 2429 nisteriis
232 2364 390 2444 inscriptis
424 2366 466 2427 ad
500 2365 663 2427 obeundas
692 2366 867 2429 functiones
898 2384 1004 2430 sacras

62 2464 173 2527 cultus
190 2462 369 2524 christiani.
394 2462 507 2525 Paucis
529 2463 623 2524 modo
638 2463 677 2525 de
692 2464 807 2525 horum
828 2464 1004 2527 officiorum

62 2560 197 2624 notione
211 2561 243 2619 et
255 2557 432 2637 speciebus,
448 2558 655 2638 relinquendo
675 2560 802 2639 speciali
824 2561 1002 2623 tractationi

35 2675 105 2740 'ea
132 2672 205 2735 quae
232 2659 377 2732 spectant
403 2653 445 2715 ad
466 2654 577 2717 modos
600 2673 639 2716 ea
661 2654 856 2731 instituendi,
881 2656 1002 2718 modifi-

62 2750 172 2829 candi,
188 2749 416 2830 supprimendi,
433 2750 628 2830 acquirendi,
645 2749 820 2813 amittendi.

279 2915 291 2961 a
306 2910 327 2955 1.
342 2921 370 2955 oa
385 2920 485 2955 rerrour
500 2921 622 2955 sreaororr
638 2920 788 2955 orr1croauu.

105 3021 253 3083 Officium
266 3039 402 3099 sacrum,
418 3021 594 3102 generatim
607 3022 778 3103 loquendo,
796 3024 844 3085 est
861 3020 1003 3083 ministe-

62 3119 150 3179 rium
170 3116 212 3179 ad
232 3116 395 3179 obeundas
409 3117 586 3179 functiones
605 3117 766 3200 christiani
789 3119 890 3181 cultus
913 3118 1002 3179 insti·

61 3214 179 3271 tutum.
196 3210 259 3271 Sed
270 3210 418 3272 Ecclesiae
428 3210 571 3287 ministri,
585 3230 642 3273 seu
652 3229 815 3274 sacrorum
824 3211 1001 3275 administri

60 3304 94 3365 iu
122 3305 264 3367 Ecclesia
292 3324 384 3368 saera
411 3307 607 3369 ordinatione
639 3309 878 3389 inaugurantur.
916 3311 999 3391 Ergo

61 3400 148 3464 notio
164 3400 259 3463 officii
272 3403 354 3464 sacri
369 3406 400 3466 et
418 3404 578 3467 variarum
599 3402 743 3484 ejusdem
762 3406 939 3485 specierum
963 3426 1001 3469 ex

62 3516 162 3561 sacrae
173 3499 380 3563 ordinationis
395 3502 521 3565 nodone
535 3502 813 3567 fundamentaliter
824 3504 995 3567 derivatur.
