<?xml version="1.0" encoding="UTF-8"?>
<!DOCTYPE html PUBLIC "-//W3C//DTD XHTML 1.0 Transitional//EN"
    "http://www.w3.org/TR/xhtml1/DTD/xhtml1-transitional.dtd">
<html xmlns="http://www.w3.org/1999/xhtml" xml:lang="en" lang="en">
 <head>
  <title>
</title>
<meta http-equiv="Content-Type" content="text/html;charset=utf-8" />
  <meta name='ocr-system' content='tesseract 3.04.00' />
  <meta name='ocr-capabilities' content='ocr_page ocr_carea ocr_par ocr_line ocrx_word'/>
</head>
<body>
  <div class='ocr_page' id='page_1' title='image "./institutionesju04marigoog_0197.png"; bbox 0 0 2442 4125; ppageno 0'>
   <div class='ocr_carea' id='block_1_1' title="bbox 340 321 1041 380">
    <p class='ocr_par' dir='ltr' id='par_1_1' title="bbox 340 321 1041 380">
     <span class='ocr_line' id='line_1_1' title="bbox 340 321 1041 380; baseline 0.004 -3"><span class='ocrx_word' id='word_1_1' title='bbox 340 333 379 378; x_wconf 87' lang='lat' dir='ltr'>nr</span> <span class='ocrx_word' id='word_1_2' title='bbox 400 331 530 378; x_wconf 82' lang='lat' dir='ltr'>crracro</span> <span class='ocrx_word' id='word_1_3' title='bbox 550 333 634 378; x_wconf 80' lang='lat' dir='ltr'>rurrs</span> <span class='ocrx_word' id='word_1_4' title='bbox 654 331 812 378; x_wconf 75' lang='lat' dir='ltr'>aaronica</span> <span class='ocrx_word' id='word_1_5' title='bbox 986 321 1041 380; x_wconf 73' lang='lat'>¹87</span> 
     </span>
    </p>
   </div>
   <div class='ocr_carea' id='block_1_2' title="bbox 88 473 1047 3151">
    <p class='ocr_par' dir='ltr' id='par_1_2' title="bbox 88 473 1045 1496">
     <span class='ocr_line' id='line_1_2' title="bbox 148 473 1044 556; baseline -0.001 -16"><span class='ocrx_word' id='word_1_6' title='bbox 148 477 238 540; x_wconf 85' lang='lat' dir='ltr'><strong>Unde</strong></span> <span class='ocrx_word' id='word_1_7' title='bbox 254 476 349 538; x_wconf 84' lang='lat' dir='ltr'>etiam</span> <span class='ocrx_word' id='word_1_8' title='bbox 368 493 407 536; x_wconf 84' lang='lat' dir='ltr'>ex</span> <span class='ocrx_word' id='word_1_9' title='bbox 425 476 486 536; x_wconf 92' lang='lat' dir='ltr'>hoc</span> <span class='ocrx_word' id='word_1_10' title='bbox 504 474 605 554; x_wconf 87' lang='lat' dir='ltr'>capite</span> <span class='ocrx_word' id='word_1_11' title='bbox 620 473 701 536; x_wconf 88' lang='lat' dir='ltr'>bene</span> <span class='ocrx_word' id='word_1_12' title='bbox 719 479 923 556; x_wconf 86' lang='lat' dir='ltr'>comparatur</span> <span class='ocrx_word' id='word_1_13' title='bbox 935 482 1044 539; x_wconf 87' lang='lat' dir='ltr'>votum</span> 
     </span>
     <span class='ocr_line' id='line_1_3' title="bbox 88 571 1045 648; baseline 0 -12"><span class='ocrx_word' id='word_1_14' title='bbox 88 573 247 636; x_wconf 81' lang='lat' dir='ltr'>solemne</span> <span class='ocrx_word' id='word_1_15' title='bbox 261 572 413 634; x_wconf 87' lang='lat' dir='ltr'>castitatis</span> <span class='ocrx_word' id='word_1_16' title='bbox 427 590 499 632; x_wconf 94' lang='lat' dir='ltr'>cum</span> <span class='ocrx_word' id='word_1_17' title='bbox 514 572 633 632; x_wconf 82' lang='lat' dir='ltr'>ordinis</span> <span class='ocrx_word' id='word_1_18' title='bbox 646 573 739 648; x_wconf 87' lang='lat' dir='ltr'>sacri,</span> <span class='ocrx_word' id='word_1_19' title='bbox 758 571 809 632; x_wconf 87' lang='lat' dir='ltr'>vel</span> <span class='ocrx_word' id='word_1_20' title='bbox 827 573 955 635; x_wconf 87' lang='lat' dir='ltr'>alterius</span> <span class='ocrx_word' id='word_1_21' title='bbox 975 593 1045 636; x_wconf 91' lang='lat' dir='ltr'>ma·</span> 
     </span>
     <span class='ocr_line' id='line_1_4' title="bbox 90 667 1044 750; baseline 0 -18"><span class='ocrx_word' id='word_1_22' title='bbox 90 669 246 732; x_wconf 84' lang='lat' dir='ltr'>trimonii</span> <span class='ocrx_word' id='word_1_23' title='bbox 265 667 402 744; x_wconf 86' lang='lat' dir='ltr'>vinculo,</span> <span class='ocrx_word' id='word_1_24' title='bbox 420 667 606 748; x_wconf 79' lang='lat' dir='ltr'>quinetiam</span> <span class='ocrx_word' id='word_1_25' title='bbox 627 667 659 726; x_wconf 92' lang='lat' dir='ltr'>iu</span> <span class='ocrx_word' id='word_1_26' title='bbox 680 667 729 728; x_wconf 89' lang='lat' dir='ltr'>bis</span> <span class='ocrx_word' id='word_1_27' title='bbox 747 668 873 729; x_wconf 85' lang='lat' dir='ltr'>casibus</span> <span class='ocrx_word' id='word_1_28' title='bbox 889 673 1044 750; x_wconf 92' lang='lat' dir='ltr'>perpetuo</span> 
     </span>
     <span class='ocr_line' id='line_1_5' title="bbox 89 762 1045 845; baseline 0 -17"><span class='ocrx_word' id='word_1_29' title='bbox 89 767 254 845; x_wconf 78' lang='lat' dir='ltr'>alligatur</span> <span class='ocrx_word' id='word_1_30' title='bbox 274 763 447 825; x_wconf 87' lang='lat' dir='ltr'>ministerio</span> <span class='ocrx_word' id='word_1_31' title='bbox 469 762 629 838; x_wconf 82' lang='lat' dir='ltr'>Ecclesiae,</span> <span class='ocrx_word' id='word_1_32' title='bbox 652 763 703 823; x_wconf 87' lang='lat' dir='ltr'>vel</span> <span class='ocrx_word' id='word_1_33' title='bbox 725 763 836 834; x_wconf 87' lang='lat' dir='ltr'>urori;</span> <span class='ocrx_word' id='word_1_34' title='bbox 863 765 918 844; x_wconf 88' lang='lat' dir='ltr'>qui</span> <span class='ocrx_word' id='word_1_35' title='bbox 943 770 1045 828; x_wconf 78' lang='lat' dir='ltr'>status</span> 
     </span>
     <span class='ocr_line' id='line_1_6' title="bbox 93 857 1044 937; baseline -0.004 -13"><span class='ocrx_word' id='word_1_36' title='bbox 93 867 182 924; x_wconf 82' lang='lat' dir='ltr'>suut</span> <span class='ocrx_word' id='word_1_37' title='bbox 194 859 444 937; x_wconf 82' lang='lat' dir='ltr'>incompatibiles</span> <span class='ocrx_word' id='word_1_38' title='bbox 458 858 490 918; x_wconf 91' lang='lat' dir='ltr'>in</span> <span class='ocrx_word' id='word_1_39' title='bbox 501 858 610 918; x_wconf 90' lang='lat' dir='ltr'>ordine</span> <span class='ocrx_word' id='word_1_40' title='bbox 621 857 663 918; x_wconf 89' lang='lat' dir='ltr'>ad</span> <span class='ocrx_word' id='word_1_41' title='bbox 673 857 923 920; x_wconf 89' lang='lat' dir='ltr'>contrahendum</span> <span class='ocrx_word' id='word_1_42' title='bbox 937 859 1044 921; x_wconf 87' lang='lat' dir='ltr'>matri-</span> 
     </span>
     <span class='ocr_line' id='line_1_7' title="bbox 94 952 1045 1035; baseline -0.006 -15"><span class='ocrx_word' id='word_1_43' title='bbox 94 957 261 1034; x_wconf 87' lang='lat' dir='ltr'>monium,</span> <span class='ocrx_word' id='word_1_44' title='bbox 285 955 371 1035; x_wconf 90' lang='lat' dir='ltr'>quod</span> <span class='ocrx_word' id='word_1_45' title='bbox 390 954 462 1014; x_wconf 90' lang='lat' dir='ltr'>iniri</span> <span class='ocrx_word' id='word_1_46' title='bbox 481 971 544 1015; x_wconf 91' lang='lat' dir='ltr'>non</span> <span class='ocrx_word' id='word_1_47' title='bbox 565 956 673 1032; x_wconf 91' lang='lat' dir='ltr'>posset</span> <span class='ocrx_word' id='word_1_48' title='bbox 690 953 758 1014; x_wconf 84' lang='lat' dir='ltr'>sine</span> <span class='ocrx_word' id='word_1_49' title='bbox 776 952 946 1015; x_wconf 86' lang='lat' dir='ltr'>violatione</span> <span class='ocrx_word' id='word_1_50' title='bbox 964 953 1045 1034; x_wconf 85' lang='lat' dir='ltr'>juris</span> 
     </span>
     <span class='ocr_line' id='line_1_8' title="bbox 95 1049 1045 1130; baseline -0.006 -15"><span class='ocrx_word' id='word_1_51' title='bbox 95 1053 201 1115; x_wconf 85' lang='lat' dir='ltr'>tertio</span> <span class='ocrx_word' id='word_1_52' title='bbox 216 1050 371 1130; x_wconf 80' lang='lat' dir='ltr'>acquisiti,</span> <span class='ocrx_word' id='word_1_53' title='bbox 388 1055 420 1110; x_wconf 92' lang='lat' dir='ltr'>et</span> <span class='ocrx_word' id='word_1_54' title='bbox 433 1050 499 1110; x_wconf 88' lang='lat' dir='ltr'>sine</span> <span class='ocrx_word' id='word_1_55' title='bbox 514 1049 683 1110; x_wconf 86' lang='lat' dir='ltr'>amissione</span> <span class='ocrx_word' id='word_1_56' title='bbox 696 1053 797 1111; x_wconf 86' lang='lat' dir='ltr'>status</span> <span class='ocrx_word' id='word_1_57' title='bbox 812 1050 909 1109; x_wconf 87' lang='lat' dir='ltr'>semel</span> <span class='ocrx_word' id='word_1_58' title='bbox 927 1055 960 1109; x_wconf 89' lang='lat' dir='ltr'>et</span> <span class='ocrx_word' id='word_1_59' title='bbox 972 1067 1045 1129; x_wconf 91' lang='lat' dir='ltr'>per-</span> 
     </span>
     <span class='ocr_line' id='line_1_9' title="bbox 98 1145 1044 1229; baseline -0.003 -19"><span class='ocrx_word' id='word_1_60' title='bbox 98 1153 203 1229; x_wconf 90' lang='lat' dir='ltr'>petuo</span> <span class='ocrx_word' id='word_1_61' title='bbox 220 1147 366 1225; x_wconf 88' lang='lat' dir='ltr'>suscepti.</span> <span class='ocrx_word' id='word_1_62' title='bbox 380 1147 447 1208; x_wconf 91' lang='lat' dir='ltr'>Non</span> <span class='ocrx_word' id='word_1_63' title='bbox 459 1148 562 1224; x_wconf 89' lang='lat' dir='ltr'>potest</span> <span class='ocrx_word' id='word_1_64' title='bbox 575 1147 682 1205; x_wconf 90' lang='lat' dir='ltr'>tamen</span> <span class='ocrx_word' id='word_1_65' title='bbox 692 1145 869 1223; x_wconf 86' lang='lat' dir='ltr'>comparari</span> <span class='ocrx_word' id='word_1_66' title='bbox 883 1163 956 1206; x_wconf 91' lang='lat' dir='ltr'>cum</span> <span class='ocrx_word' id='word_1_67' title='bbox 970 1149 1044 1207; x_wconf 83' lang='lat' dir='ltr'>voto</span> 
     </span>
     <span class='ocr_line' id='line_1_10' title="bbox 97 1238 1042 1320; baseline -0.001 -17"><span class='ocrx_word' id='word_1_68' title='bbox 97 1241 294 1320; x_wconf 80' lang='lat' dir='ltr'>religionem</span> <span class='ocrx_word' id='word_1_69' title='bbox 302 1239 557 1318; x_wconf 80' lang='lat' dir='ltr'>ingrediendivel</span> <span class='ocrx_word' id='word_1_70' title='bbox 565 1238 747 1318; x_wconf 84' lang='lat' dir='ltr'>profitendi,</span> <span class='ocrx_word' id='word_1_71' title='bbox 759 1239 901 1319; x_wconf 77' lang='lat' dir='ltr'>quiahoc</span> <span class='ocrx_word' id='word_1_72' title='bbox 911 1241 943 1302; x_wconf 93' lang='lat' dir='ltr'>in</span> <span class='ocrx_word' id='word_1_73' title='bbox 953 1259 1042 1317; x_wconf 86' lang='lat' dir='ltr'>casu,</span> 
     </span>
     <span class='ocr_line' id='line_1_11' title="bbox 97 1335 1044 1419; baseline -0.001 -20"><span class='ocrx_word' id='word_1_74' title='bbox 97 1343 209 1400; x_wconf 85' lang='lat' dir='ltr'>status</span> <span class='ocrx_word' id='word_1_75' title='bbox 223 1336 365 1399; x_wconf 90' lang='lat' dir='ltr'>nondum</span> <span class='ocrx_word' id='word_1_76' title='bbox 378 1338 426 1398; x_wconf 90' lang='lat' dir='ltr'>est</span> <span class='ocrx_word' id='word_1_77' title='bbox 437 1337 612 1414; x_wconf 85' lang='lat' dir='ltr'>susceptus,</span> <span class='ocrx_word' id='word_1_78' title='bbox 624 1353 683 1396; x_wconf 91' lang='lat' dir='ltr'>nec</span> <span class='ocrx_word' id='word_1_79' title='bbox 690 1335 743 1416; x_wconf 83' lang='lat' dir='ltr'>jus</span> <span class='ocrx_word' id='word_1_80' title='bbox 753 1335 845 1400; x_wconf 89' lang='lat' dir='ltr'>tertio</span> <span class='ocrx_word' id='word_1_81' title='bbox 855 1339 1044 1419; x_wconf 86' lang='lat' dir='ltr'>acquisitum</span> 
     </span>
     <span class='ocr_line' id='line_1_12' title="bbox 99 1437 166 1496; baseline -0.015 0"><span class='ocrx_word' id='word_1_82' title='bbox 99 1437 166 1496; x_wconf 83' lang='lat' dir='ltr'>est.</span> 
     </span>
    </p>

    <p class='ocr_par' dir='ltr' id='par_1_3' title="bbox 100 1527 1047 2187">
     <span class='ocr_line' id='line_1_13' title="bbox 147 1527 1047 1608; baseline 0.001 -17"><span class='ocrx_word' id='word_1_83' title='bbox 147 1529 200 1592; x_wconf 85' lang='lat' dir='ltr'>Ad</span> <span class='ocrx_word' id='word_1_84' title='bbox 215 1530 274 1591; x_wconf 87' lang='lat' dir='ltr'>bas</span> <span class='ocrx_word' id='word_1_85' title='bbox 289 1529 428 1590; x_wconf 88' lang='lat' dir='ltr'>rationes</span> <span class='ocrx_word' id='word_1_86' title='bbox 442 1527 574 1592; x_wconf 85' lang='lat' dir='ltr'>fortasse</span> <span class='ocrx_word' id='word_1_87' title='bbox 588 1527 784 1591; x_wconf 88' lang='lat' dir='ltr'>reducuntur</span> <span class='ocrx_word' id='word_1_88' title='bbox 800 1529 862 1590; x_wconf 75' lang='lat' dir='ltr'>illae</span> <span class='ocrx_word' id='word_1_89' title='bbox 881 1547 952 1608; x_wconf 79' lang='lat' dir='ltr'>quoe</span> <span class='ocrx_word' id='word_1_90' title='bbox 971 1531 1047 1592; x_wconf 91' lang='lat' dir='ltr'>sub-</span> 
     </span>
     <span class='ocr_line' id='line_1_14' title="bbox 101 1623 1045 1705; baseline -0.003 -16"><span class='ocrx_word' id='word_1_91' title='bbox 101 1628 242 1689; x_wconf 89' lang='lat' dir='ltr'>obscure</span> <span class='ocrx_word' id='word_1_92' title='bbox 262 1625 465 1705; x_wconf 87' lang='lat' dir='ltr'>proferuntur</span> <span class='ocrx_word' id='word_1_93' title='bbox 486 1643 505 1686; x_wconf 86' lang='lat' dir='ltr'>a</span> <span class='ocrx_word' id='word_1_94' title='bbox 526 1623 707 1702; x_wconf 80' lang='lat' dir='ltr'>canonistis,</span> <span class='ocrx_word' id='word_1_95' title='bbox 723 1642 796 1685; x_wconf 92' lang='lat' dir='ltr'>cum</span> <span class='ocrx_word' id='word_1_96' title='bbox 810 1623 919 1686; x_wconf 88' lang='lat' dir='ltr'>dicunt</span> <span class='ocrx_word' id='word_1_97' title='bbox 936 1627 1045 1686; x_wconf 87' lang='lat' dir='ltr'>votum</span> 
     </span>
     <span class='ocr_line' id='line_1_15' title="bbox 102 1718 1045 1801; baseline -0.001 -17"><span class='ocrx_word' id='word_1_98' title='bbox 102 1722 242 1801; x_wconf 82' lang='lat' dir='ltr'>simplex</span> <span class='ocrx_word' id='word_1_99' title='bbox 262 1718 363 1782; x_wconf 88' lang='lat' dir='ltr'>emitti</span> <span class='ocrx_word' id='word_1_100' title='bbox 382 1721 495 1782; x_wconf 91' lang='lat' dir='ltr'>minori</span> <span class='ocrx_word' id='word_1_101' title='bbox 517 1721 754 1799; x_wconf 81' lang='lat' dir='ltr'>deliberatione,</span> <span class='ocrx_word' id='word_1_102' title='bbox 772 1739 790 1782; x_wconf 87' lang='lat' dir='ltr'>e</span> <span class='ocrx_word' id='word_1_103' title='bbox 808 1724 919 1783; x_wconf 86' lang='lat' dir='ltr'>contra</span> <span class='ocrx_word' id='word_1_104' title='bbox 936 1723 1045 1784; x_wconf 89' lang='lat' dir='ltr'>votum</span> 
     </span>
     <span class='ocr_line' id='line_1_16' title="bbox 100 1816 1043 1900; baseline -0.004 -18"><span class='ocrx_word' id='word_1_105' title='bbox 100 1819 267 1892; x_wconf 90' lang='lat' dir='ltr'>solemne;</span> <span class='ocrx_word' id='word_1_106' title='bbox 284 1816 330 1878; x_wconf 87' lang='lat' dir='ltr'>sic</span> <span class='ocrx_word' id='word_1_107' title='bbox 344 1820 453 1879; x_wconf 86' lang='lat' dir='ltr'>votum</span> <span class='ocrx_word' id='word_1_108' title='bbox 467 1817 598 1895; x_wconf 82' lang='lat' dir='ltr'>simplex</span> <span class='ocrx_word' id='word_1_109' title='bbox 608 1819 823 1900; x_wconf 73' lang='lat' dir='ltr'>equiparatur</span> <span class='ocrx_word' id='word_1_110' title='bbox 830 1819 1043 1898; x_wconf 90' lang='lat' dir='ltr'>promissioni,</span> 
     </span>
     <span class='ocr_line' id='line_1_17' title="bbox 102 1914 1046 1995; baseline -0.004 -17"><span class='ocrx_word' id='word_1_111' title='bbox 102 1923 140 1990; x_wconf 80' lang='lat' dir='ltr'>et</span> <span class='ocrx_word' id='word_1_112' title='bbox 165 1919 273 1978; x_wconf 88' lang='lat' dir='ltr'>votum</span> <span class='ocrx_word' id='word_1_113' title='bbox 294 1914 434 1976; x_wconf 88' lang='lat' dir='ltr'>solemne</span> <span class='ocrx_word' id='word_1_114' title='bbox 458 1914 638 1986; x_wconf 85' lang='lat' dir='ltr'>traditioui;</span> <span class='ocrx_word' id='word_1_115' title='bbox 665 1915 760 1976; x_wconf 90' lang='lat' dir='ltr'>etiam</span> <span class='ocrx_word' id='word_1_116' title='bbox 782 1920 891 1978; x_wconf 87' lang='lat' dir='ltr'>votum</span> <span class='ocrx_word' id='word_1_117' title='bbox 913 1917 1046 1995; x_wconf 79' lang='lat' dir='ltr'>simplex</span> 
     </span>
     <span class='ocr_line' id='line_1_18' title="bbox 102 2011 1042 2092; baseline -0.007 -15"><span class='ocrx_word' id='word_1_118' title='bbox 102 2012 276 2077; x_wconf 88' lang='lat' dir='ltr'>assimilari</span> <span class='ocrx_word' id='word_1_119' title='bbox 291 2011 498 2092; x_wconf 87' lang='lat' dir='ltr'>sponsalibus,</span> <span class='ocrx_word' id='word_1_120' title='bbox 511 2015 544 2074; x_wconf 89' lang='lat' dir='ltr'>et</span> <span class='ocrx_word' id='word_1_121' title='bbox 558 2014 668 2073; x_wconf 89' lang='lat' dir='ltr'>votum</span> <span class='ocrx_word' id='word_1_122' title='bbox 677 2011 816 2073; x_wconf 89' lang='lat' dir='ltr'>solemne</span> <span class='ocrx_word' id='word_1_123' title='bbox 826 2011 1042 2084; x_wconf 80' lang='lat' dir='ltr'>matrimoni03</span> 
     </span>
     <span class='ocr_line' id='line_1_19' title="bbox 104 2105 755 2187; baseline -0.011 -14"><span class='ocrx_word' id='word_1_124' title='bbox 104 2114 140 2173; x_wconf 92' lang='lat' dir='ltr'>in</span> <span class='ocrx_word' id='word_1_125' title='bbox 157 2115 231 2172; x_wconf 84' lang='lat' dir='ltr'>voto</span> <span class='ocrx_word' id='word_1_126' title='bbox 245 2109 387 2185; x_wconf 86' lang='lat' dir='ltr'>solemni,</span> <span class='ocrx_word' id='word_1_127' title='bbox 405 2122 572 2187; x_wconf 88' lang='lat' dir='ltr'>personam</span> <span class='ocrx_word' id='word_1_128' title='bbox 586 2105 679 2183; x_wconf 89' lang='lat' dir='ltr'>mori,</span> <span class='ocrx_word' id='word_1_129' title='bbox 694 2108 755 2167; x_wconf 89' lang='lat' dir='ltr'>etc.</span> 
     </span>
    </p>

    <p class='ocr_par' dir='ltr' id='par_1_4' title="bbox 104 2202 1047 2673">
     <span class='ocr_line' id='line_1_20' title="bbox 148 2202 1045 2286; baseline -0.008 -16"><span class='ocrx_word' id='word_1_130' title='bbox 148 2211 321 2286; x_wconf 88' lang='lat' dir='ltr'>Utramque</span> <span class='ocrx_word' id='word_1_131' title='bbox 335 2204 463 2267; x_wconf 87' lang='lat' dir='ltr'>allatam</span> <span class='ocrx_word' id='word_1_132' title='bbox 477 2204 633 2266; x_wconf 88' lang='lat' dir='ltr'>rationem</span> <span class='ocrx_word' id='word_1_133' title='bbox 640 2202 666 2263; x_wconf 90' lang='lat' dir='ltr'>si</span> <span class='ocrx_word' id='word_1_134' title='bbox 674 2202 801 2284; x_wconf 80' lang='lat' dir='ltr'>jungas,</span> <span class='ocrx_word' id='word_1_135' title='bbox 813 2202 936 2265; x_wconf 86' lang='lat' dir='ltr'>videbis</span> <span class='ocrx_word' id='word_1_136' title='bbox 946 2220 1045 2282; x_wconf 87' lang='lat' dir='ltr'>quare</span> 
     </span>
     <span class='ocr_line' id='line_1_21' title="bbox 104 2299 1047 2381; baseline -0.008 -12"><span class='ocrx_word' id='word_1_137' title='bbox 104 2305 250 2369; x_wconf 79' lang='lat' dir='ltr'>Ecclesia</span> <span class='ocrx_word' id='word_1_138' title='bbox 269 2303 347 2366; x_wconf 87' lang='lat' dir='ltr'>tanti</span> <span class='ocrx_word' id='word_1_139' title='bbox 361 2302 473 2364; x_wconf 85' lang='lat' dir='ltr'>iecerit</span> <span class='ocrx_word' id='word_1_140' title='bbox 486 2304 594 2363; x_wconf 89' lang='lat' dir='ltr'>votum</span> <span class='ocrx_word' id='word_1_141' title='bbox 609 2301 750 2361; x_wconf 89' lang='lat' dir='ltr'>solemne</span> <span class='ocrx_word' id='word_1_142' title='bbox 763 2317 829 2381; x_wconf 77' lang='lat' dir='ltr'>prae</span> <span class='ocrx_word' id='word_1_143' title='bbox 844 2299 990 2380; x_wconf 90' lang='lat' dir='ltr'>simplici,</span> <span class='ocrx_word' id='word_1_144' title='bbox 1013 2305 1047 2361; x_wconf 87' lang='lat' dir='ltr'>et</span> 
     </span>
     <span class='ocr_line' id='line_1_22' title="bbox 105 2397 1045 2477; baseline -0.007 -14"><span class='ocrx_word' id='word_1_145' title='bbox 105 2401 224 2463; x_wconf 89' lang='lat' dir='ltr'>viderit</span> <span class='ocrx_word' id='word_1_146' title='bbox 252 2418 321 2461; x_wconf 85' lang='lat' dir='ltr'>eam</span> <span class='ocrx_word' id='word_1_147' title='bbox 349 2398 675 2477; x_wconf 89' lang='lat' dir='ltr'>incompatibilitatem</span> <span class='ocrx_word' id='word_1_148' title='bbox 702 2397 768 2459; x_wconf 78' lang='lat' dir='ltr'>voti</span> <span class='ocrx_word' id='word_1_149' title='bbox 795 2397 946 2459; x_wconf 89' lang='lat' dir='ltr'>solemnis</span> <span class='ocrx_word' id='word_1_150' title='bbox 972 2414 1045 2457; x_wconf 92' lang='lat' dir='ltr'>cum</span> 
     </span>
     <span class='ocr_line' id='line_1_23' title="bbox 106 2493 1045 2575; baseline -0.007 -15"><span class='ocrx_word' id='word_1_151' title='bbox 106 2496 322 2573; x_wconf 88' lang='lat' dir='ltr'>matrimonio,</span> <span class='ocrx_word' id='word_1_152' title='bbox 352 2512 447 2575; x_wconf 89' lang='lat' dir='ltr'>quam</span> <span class='ocrx_word' id='word_1_153' title='bbox 471 2512 534 2556; x_wconf 90' lang='lat' dir='ltr'>non</span> <span class='ocrx_word' id='word_1_154' title='bbox 557 2494 637 2555; x_wconf 89' lang='lat' dir='ltr'>vidit</span> <span class='ocrx_word' id='word_1_155' title='bbox 657 2495 691 2555; x_wconf 90' lang='lat' dir='ltr'>in</span> <span class='ocrx_word' id='word_1_156' title='bbox 713 2498 787 2558; x_wconf 83' lang='lat' dir='ltr'>roto</span> <span class='ocrx_word' id='word_1_157' title='bbox 815 2493 950 2575; x_wconf 81' lang='lat' dir='ltr'>simplici</span> <span class='ocrx_word' id='word_1_158' title='bbox 972 2511 1045 2555; x_wconf 91' lang='lat' dir='ltr'>cum</span> 
     </span>
     <span class='ocr_line' id='line_1_24' title="bbox 107 2611 189 2673; baseline -0.012 -18"><span class='ocrx_word' id='word_1_159' title='bbox 107 2611 189 2673; x_wconf 78' lang='lat' dir='ltr'>ipso.</span> 
     </span>
    </p>

    <p class='ocr_par' dir='ltr' id='par_1_5' title="bbox 108 2684 1046 3151">
     <span class='ocr_line' id='line_1_25' title="bbox 152 2684 1046 2765; baseline -0.007 -17"><span class='ocrx_word' id='word_1_160' title='bbox 152 2687 241 2748; x_wconf 82' lang='lat' dir='ltr'>Addo</span> <span class='ocrx_word' id='word_1_161' title='bbox 256 2686 362 2763; x_wconf 89' lang='lat' dir='ltr'>etiam,</span> <span class='ocrx_word' id='word_1_162' title='bbox 379 2686 404 2746; x_wconf 91' lang='lat' dir='ltr'>si</span> <span class='ocrx_word' id='word_1_163' title='bbox 419 2686 531 2765; x_wconf 90' lang='lat' dir='ltr'>placet,</span> <span class='ocrx_word' id='word_1_164' title='bbox 545 2686 668 2765; x_wconf 86' lang='lat' dir='ltr'>quodsi</span> <span class='ocrx_word' id='word_1_165' title='bbox 681 2689 754 2748; x_wconf 87' lang='lat' dir='ltr'>voto</span> <span class='ocrx_word' id='word_1_166' title='bbox 767 2684 903 2762; x_wconf 89' lang='lat' dir='ltr'>simplici</span> <span class='ocrx_word' id='word_1_167' title='bbox 916 2684 1046 2743; x_wconf 91' lang='lat' dir='ltr'>daretur</span> 
     </span>
     <span class='ocr_line' id='line_1_26' title="bbox 108 2778 1044 2860; baseline -0.01 -14"><span class='ocrx_word' id='word_1_168' title='bbox 108 2784 157 2847; x_wconf 89' lang='lat' dir='ltr'>vis</span> <span class='ocrx_word' id='word_1_169' title='bbox 171 2784 315 2845; x_wconf 82' lang='lat' dir='ltr'>irritandi</span> <span class='ocrx_word' id='word_1_170' title='bbox 330 2782 574 2858; x_wconf 74' lang='lat' dir='ltr'>matrimonium,</span> <span class='ocrx_word' id='word_1_171' title='bbox 586 2782 687 2843; x_wconf 86' lang='lat' dir='ltr'>facilis</span> <span class='ocrx_word' id='word_1_172' title='bbox 698 2780 890 2860; x_wconf 82' lang='lat' dir='ltr'>reperiretur</span> <span class='ocrx_word' id='word_1_173' title='bbox 901 2779 955 2840; x_wconf 80' lang='lat' dir='ltr'>via</span> <span class='ocrx_word' id='word_1_174' title='bbox 967 2778 1044 2838; x_wconf 86' lang='lat' dir='ltr'>illud</span> 
     </span>
     <span class='ocr_line' id='line_1_27' title="bbox 108 2874 1046 2958; baseline -0.012 -15"><span class='ocrx_word' id='word_1_175' title='bbox 108 2880 331 2956; x_wconf 83' lang='lat' dir='ltr'>defraudandi,</span> <span class='ocrx_word' id='word_1_176' title='bbox 346 2896 419 2939; x_wconf 92' lang='lat' dir='ltr'>cum</span> <span class='ocrx_word' id='word_1_177' title='bbox 440 2879 510 2958; x_wconf 86' lang='lat' dir='ltr'>quis</span> <span class='ocrx_word' id='word_1_178' title='bbox 530 2878 766 2939; x_wconf 82' lang='lat' dir='ltr'>matrimonium</span> <span class='ocrx_word' id='word_1_179' title='bbox 785 2874 884 2937; x_wconf 89' lang='lat' dir='ltr'>semel</span> <span class='ocrx_word' id='word_1_180' title='bbox 903 2876 1046 2935; x_wconf 89' lang='lat' dir='ltr'>contrac-</span> 
     </span>
     <span class='ocr_line' id='line_1_28' title="bbox 108 2968 1045 3053; baseline -0.012 -14"><span class='ocrx_word' id='word_1_181' title='bbox 108 2981 178 3039; x_wconf 91' lang='lat' dir='ltr'>tum</span> <span class='ocrx_word' id='word_1_182' title='bbox 191 2976 366 3053; x_wconf 84' lang='lat' dir='ltr'>fastidiens,</span> <span class='ocrx_word' id='word_1_183' title='bbox 378 2990 519 3036; x_wconf 87' lang='lat' dir='ltr'>asserere</span> <span class='ocrx_word' id='word_1_184' title='bbox 529 2979 636 3053; x_wconf 87' lang='lat' dir='ltr'>posset</span> <span class='ocrx_word' id='word_1_185' title='bbox 646 2992 680 3035; x_wconf 89' lang='lat' dir='ltr'>se</span> <span class='ocrx_word' id='word_1_186' title='bbox 690 2977 763 3035; x_wconf 89' lang='lat' dir='ltr'>aute</span> <span class='ocrx_word' id='word_1_187' title='bbox 778 2971 855 3033; x_wconf 88' lang='lat' dir='ltr'>illud</span> <span class='ocrx_word' id='word_1_188' title='bbox 869 2968 1045 3033; x_wconf 86' lang='lat' dir='ltr'>castitatem</span> 
     </span>
     <span class='ocr_line' id='line_1_29' title="bbox 109 3072 441 3151; baseline 0.006 -20"><span class='ocrx_word' id='word_1_189' title='bbox 109 3072 441 3151; x_wconf 83' lang='lat' dir='ltr'>perpetuamvovisse.</span> 
     </span>
    </p>
   </div>
   <div class='ocr_carea' id='block_1_3' title="bbox 457 3232 700 3277">
    <p class='ocr_par' dir='ltr' id='par_1_6' title="bbox 457 3232 700 3277">
     <span class='ocr_line' id='line_1_30' title="bbox 457 3232 700 3277; baseline -0.012 0"><span class='ocrx_word' id='word_1_190' title='bbox 457 3237 483 3277; x_wconf 80' lang='lat'>2⁰</span> <span class='ocrx_word' id='word_1_191' title='bbox 497 3232 530 3275; x_wconf 86' lang='lat' dir='ltr'>De</span> <span class='ocrx_word' id='word_1_192' title='bbox 539 3232 617 3276; x_wconf 81' lang='lat' dir='ltr'>ordine</span> <span class='ocrx_word' id='word_1_193' title='bbox 627 3243 700 3275; x_wconf 79' lang='lat' dir='ltr'>sacro.</span> 
     </span>
    </p>
   </div>
   <div class='ocr_carea' id='block_1_4' title="bbox 110 3356 1046 3630">
    <p class='ocr_par' dir='ltr' id='par_1_7' title="bbox 110 3356 1046 3630">
     <span class='ocr_line' id='line_1_31' title="bbox 150 3356 1046 3443; baseline 0 -24"><span class='ocrx_word' id='word_1_194' title='bbox 150 3360 289 3443; x_wconf 66' lang='lat' dir='ltr'><strong>XXVIII.</strong></span> <span class='ocrx_word' id='word_1_195' title='bbox 303 3360 417 3421; x_wconf 88' lang='lat' dir='ltr'>Omnes</span> <span class='ocrx_word' id='word_1_196' title='bbox 427 3358 517 3420; x_wconf 86' lang='lat' dir='ltr'>facile</span> <span class='ocrx_word' id='word_1_197' title='bbox 528 3358 649 3419; x_wconf 91' lang='lat' dir='ltr'>dabunt</span> <span class='ocrx_word' id='word_1_198' title='bbox 658 3375 721 3419; x_wconf 92' lang='lat' dir='ltr'>non</span> <span class='ocrx_word' id='word_1_199' title='bbox 730 3356 841 3419; x_wconf 88' lang='lat' dir='ltr'>adesse</span> <span class='ocrx_word' id='word_1_200' title='bbox 852 3356 925 3439; x_wconf 85' lang='lat' dir='ltr'>jure</span> <span class='ocrx_word' id='word_1_201' title='bbox 938 3357 1046 3419; x_wconf 89' lang='lat' dir='ltr'>divino</span> 
     </span>
     <span class='ocr_line' id='line_1_32' title="bbox 110 3452 1045 3535; baseline -0.003 -20"><span class='ocrx_word' id='word_1_202' title='bbox 110 3453 284 3535; x_wconf 82' lang='lat' dir='ltr'>quamdam</span> <span class='ocrx_word' id='word_1_203' title='bbox 297 3454 475 3516; x_wconf 88' lang='lat' dir='ltr'>absolutam</span> <span class='ocrx_word' id='word_1_204' title='bbox 487 3452 811 3532; x_wconf 88' lang='lat' dir='ltr'>incompatibilitatem</span> <span class='ocrx_word' id='word_1_205' title='bbox 830 3454 912 3516; x_wconf 89' lang='lat' dir='ltr'>inter</span> <span class='ocrx_word' id='word_1_206' title='bbox 930 3457 1045 3515; x_wconf 89' lang='lat' dir='ltr'>statum</span> 
     </span>
     <span class='ocr_line' id='line_1_33' title="bbox 111 3549 1046 3630; baseline -0.005 -17"><span class='ocrx_word' id='word_1_207' title='bbox 111 3551 290 3615; x_wconf 85' lang='lat' dir='ltr'>clericalem</span> <span class='ocrx_word' id='word_1_208' title='bbox 311 3555 343 3615; x_wconf 86' lang='lat' dir='ltr'>et</span> <span class='ocrx_word' id='word_1_209' title='bbox 362 3554 479 3613; x_wconf 87' lang='lat' dir='ltr'>statum</span> <span class='ocrx_word' id='word_1_210' title='bbox 500 3550 720 3630; x_wconf 70' lang='lat' dir='ltr'>conjugalem</span> <span class='ocrx_word' id='word_1_211' title='bbox 743 3550 799 3612; x_wconf 88' lang='lat' dir='ltr'>sed</span> <span class='ocrx_word' id='word_1_212' title='bbox 818 3568 928 3612; x_wconf 90' lang='lat' dir='ltr'>omnes</span> <span class='ocrx_word' id='word_1_213' title='bbox 951 3549 1046 3609; x_wconf 89' lang='lat' dir='ltr'>etiam</span> 
     </span>
    </p>
   </div>
   <div class='ocr_carea' id='block_1_5' title="bbox 0 0 1242 4125">
    <p class='ocr_par' dir='ltr' id='par_1_8' title="bbox 0 0 1242 4125">
     <span class='ocr_line' id='line_1_34' title="bbox 0 0 1242 4125; baseline 0 0"><span class='ocrx_word' id='word_1_214' title='bbox 0 0 1242 4125; x_wconf 95' lang='lat' dir='ltr'> </span> 
     </span>
    </p>
   </div>
  </div>
 </body>
</html>
