2442 4125
345 341 384 384 un
405 339 535 386 caruero
555 339 638 386 rums
659 337 815 385 uiuorum.
986 327 1045 388 279

437 481 459 524 1.
471 481 503 524 Dc
514 481 570 526 laic
580 480 713 526 Nativitails.

110 581 255 643 XXVI.
277 581 363 641 luter
375 579 580 640 solemniores
594 577 662 640 dies
677 596 756 658 quos
779 579 920 642 celebrat
934 581 1043 642 Docle-

61 679 135 752 sia,
156 677 325 755 profecto
339 693 421 735 uuus
442 674 496 734 ille
514 678 563 736 est
580 693 644 754 quo
659 676 874 736 anniversarie
897 676 1044 738 recorda·

66 772 171 832 tione
190 769 628 831 coucelebratlesu-Clrristi
651 769 823 831 Salvatoris
843 771 943 832 nostri
957 771 1042 832 Nati-

67 868 254 941 vitatem,
286 883 383 945 quam
411 865 515 945 signat
542 865 593 927 die
625 867 676 926 25⁰
707 863 883 925 decembris
912 865 1043 945 siugulis

71 981 194 1022 anuis.

118 1059 190 1118 Hic
207 1061 326 1120 autem
339 1074 404 1135 prae
427 1056 553 1118 coeteris
566 1055 653 1117 iestis
668 1055 764 1118 habet
784 1055 938 1136 majorem
961 1058 1043 1120 rela-

75 1153 218 1212 tionem
235 1169 314 1212 cum
328 1151 436 1211 ordine
451 1150 855 1227 kalendariieoolesiastioi,
877 1153 961 1232 quod
981 1153 1042 1216 ini-

76 1248 167 1307 tium
193 1247 281 1308 anni
303 1246 505 1308 ecclesiastici
533 1247 689 1325 designat.
708 1248 790 1309 Saue
809 1266 881 1309 oum
902 1250 1043 1311 Ecclesia

80 1361 194 1405 anuos
212 1345 381 1420 computet
394 1343 434 1403 ab
452 1342 670 1404 incarnatione
685 1344 821 1420 Domini,
839 1362 969 1426 oequum
983 1346 1042 1407 fuit

80 1442 119 1500 ut
152 1441 202 1500 ab
238 1438 384 1519 ejusdem
409 1437 637 1500 iucarnationis
672 1439 797 1500 Domini
825 1442 1042 1502 anniversaria

83 1535 403 1597 commemoratione
430 1552 488 1613 pro
502 1534 721 1596 ecclesiasticis
736 1534 845 1594 officiis
860 1552 979 1594 anuum
992 1535 1041 1594 iu-

85 1630 244 1692 cboaret.
263 1629 326 1691 Sed
349 1647 423 1688 cum
440 1629 643 1691 ecclesiastici
666 1629 762 1689 moris
789 1628 829 1689 sit
849 1628 1039 1707 quibusdam

87 1726 346 1788 solemnioribus
359 1725 579 1785 festivitatibus
593 1725 748 1805 quosdam
769 1723 837 1785 dies
852 1725 912 1803 piae
927 1742 1040 1804 prepa-

89 1822 234 1881 ratiouis
260 1818 468 1897 praemittere,
499 1818 689 1898 illarumque
719 1819 837 1898 gaudie
865 1819 1041 1897 spiritualia

88 1917 124 1974 in
137 1917 256 1994 plnres
276 1918 443 1994 sequentes
457 1914 524 1974 dies
544 1915 740 1992 protrahere,
758 1916 812 1995 qui
836 1915 902 1975 dies
916 1915 967 1976 vel
985 1933 1040 1976 au·

91 2014 284 2075 teoedentes
300 2011 349 2073 vel
364 2013 603 2091 consequentes,
616 2007 709 2088 juxta
729 2009 876 2070 Doclesiae
894 2009 1039 2071 intentio-

93 2129 170 2170 nem
184 2127 289 2172 uuum
304 2107 506 2188 quidmorale
519 2106 685 2167 efforment
699 2122 771 2165 oum
786 2106 982 2167 solemnitate
998 2106 1039 2167 ad

96 2224 195 2285 quam
219 2206 418 2280 ordinantur,
444 2221 507 2263 non
525 2202 656 2281 praecise
675 2220 695 2261 a
713 2199 763 2261 die
778 2204 830 2262 25⁰
848 2200 1036 2275 decembris,

95 2294 153 2353 sed
180 2313 201 2355 a
235 2292 346 2353 diebus
374 2291 613 2371 praeparationis
644 2308 714 2371 quae
746 2292 820 2353 boio
847 2293 1039 2357 solemnitati

98 2390 345 2463 praemittuntur,
360 2386 608 2464 incipit-anuum
619 2386 876 2451 ecclesiasticum.

137 2485 212 2545 Jam
235 2501 310 2544 vero
332 2484 365 2544 hi
388 2483 455 2543 dies
477 2483 530 2563 qui
551 2484 591 2544 ob
614 2483 845 2547 solemnitatem
873 2486 915 2547 ad
941 2506 1037 2566 quem

102 2575 283 2655 disponunt,
300 2577 362 2638 dici
375 2577 477 2638 solent
485 2576 554 2637 dies
566 2578 648 2637 sacri
659 2578 832 2653 Adventus,
845 2598 907 2639 non
919 2581 1039 2639 habeut

102 2670 133 2730 in
153 2672 346 2734 kalendariis
373 2690 542 2733 numerum
563 2671 820 2746 determinatum,
847 2673 902 2732 sed
927 2690 1036 2733 eorum

105 2784 252 2829 uumerus
265 2788 285 2829 a
298 2769 403 2831 littera
417 2765 597 2828 dominicali
612 2766 780 2845 dependet.
798 2770 878 2829 Nam
898 2767 1037 2828 Ecclesia

104 2878 158 2935 pro
173 2881 231 2923 suo
245 2882 333 2925 more
347 2862 552 2940 computandi
567 2862 607 2923 de
623 2862 781 2923 dominica
791 2860 1033 2936 indominicam,

107 2962 238 3034 quatuor
248 2960 421 3020 dominicas
430 2959 498 3019 vult
512 2958 674 3019 Nativituti
684 2958 807 3017 Domini
822 2957 1032 3035 praemittere:

106 3052 226 3131 tempus
239 3054 272 3113 in
285 3055 323 3114 iis
337 3055 602 3137 comprehensum
616 3058 652 3115 nt
665 3058 789 3130 tempus
805 3055 837 3114 S.
859 3052 1032 3113 Adventus.

109 3144 166 3207 Sed
184 3150 413 3211 dominicarum
427 3149 518 3211 citior
539 3149 590 3209 vel
605 3148 725 3209 tardior
739 3166 885 3209 recursus
901 3164 958 3225 pro
982 3167 1035 3211 va-

109 3240 212 3305 rietate
239 3247 415 3307 litterarum
442 3245 678 3306 dominicalium
705 3244 829 3305 accidit.
862 3246 944 3325 Drgo
976 3264 1033 3326 pro

109 3340 196 3400 variis
208 3341 319 3403 litteris
335 3340 574 3401 dominicalibus
589 3340 622 3399 S.
648 3338 822 3415 Adventus,
839 3343 963 3419 tempus
984 3341 1034 3401 vel

109 3438 295 3505 protrahitur
309 3438 359 3498 vel
373 3436 581 3498 contrabitur.

146 3530 225 3592 Saue
238 3531 343 3595 littera
362 3531 557 3611 respondens
575 3530 606 3593 iu
623 3531 812 3595 kalendariis
841 3534 904 3595 diei
921 3536 959 3593 25
979 3532 1034 3592 de-
