2442 4125
187 284 247 345 138
395 290 627 339 msrrrorrorus
647 291 731 337 sums
751 290 909 337 omomer.

187 442 278 518 verit,
303 441 424 519 pereat.
450 436 548 512 Illud,
570 443 689 515 mot,
713 435 850 497 miertur
869 436 912 497 ad
933 440 1136 517 utrumque;

186 536 264 598 illud
276 556 285 597 ε
296 535 356 595 nisi
362 532 404 594 ad
413 534 552 611 primum
563 536 688 594 tantum
696 531 842 593 inuisum.
854 533 938 611 Ergo
950 533 1137 611 propositio

186 629 304 692 consu
321 630 382 690 hae
402 632 469 690 est:
485 626 682 705 Quicumque
703 625 857 687 dimiserit
878 643 1019 687 uxorem
1040 644 1137 688 suam

186 720 756 796 nisiohiornioationem‚moeohutur‚
768 720 865 799 etqui
875 720 1132 797 aliumduxerit,

185 820 374 895 moechatur,
384 822 417 879 et
430 817 486 897 qui
498 815 662 875 dimissam
671 833 691 876 a
699 815 767 877 viro
782 816 918 892 duxerit,
929 816 1130 879 moeohatur.

186 914 350 989 Quomodo
373 918 480 975 autem
501 912 626 973 dioatur
648 912 802 972 moechari
822 913 878 991 qni
897 911 1036 974 dimittit
1059 930 1132 974 eam

185 1028 257 1088 quie
271 1028 336 1070 non
352 1009 508 1070 fornioata
530 1012 593 1084 est,
616 1010 704 1086 petet
722 1025 762 1067 ex
781 1009 849 1086 ipso
873 1007 1015 1069 Mathaeo
1036 1027 1067 1069 e.
1090 1026 1128 1069 r:

188 1105 288 1166 Omnis
301 1105 356 1184 qui
367 1105 513 1165 dimiserit
524 1122 648 1165 aorem
665 1122 760 1180 sumn,
776 1111 898 1183 excepta
915 1103 1131 1181 sornicodonu

184 1218 285 1272 eausa,
299 1200 373 1280 fucit
386 1220 451 1262 eom
464 1199 607 1261 umori
618 1207 647 1259 et
658 1200 711 1279 qui
722 1197 871 1260 dimissum
885 1198 1024 1275 duxerit,
1041 1200 1129 1263 odul-

185 1303 273 1357 temt.
1112 1329 1120 1341 -

223 1395 308 1474 orgo
317 1391 633 1472 christuspauoisitu
642 1390 1010 1470 nouoluditpmpositam
1020 1412 1127 1474 qnaes·

183 1491 326 1553 tionem:
351 1488 588 1551 Matrimonium
615 1492 663 1550 est
688 1489 822 1551 soeietas
856 1488 1009 1568 quaedam
1045 1492 1126 1551 reoi-

184 1605 294 1664 prooa,
316 1604 518 1666 monogama,
540 1584 777 1655 indissolubilis,
801 1584 846 1645 itu
865 1603 887 1645 a
906 1586 973 1645 Deo
998 1589 1123 1648 natura

184 1686 314 1743 auctore
337 1682 519 1742 immediate
546 1682 716 1741 constituta
739 1698 810 1759 quae
832 1680 908 1742 fauit
930 1680 971 1741 do
996 1680 1123 1744 duobus

183 1791 293 1848 unum,
308 1774 354 1832 ita
366 1777 402 1835 ut
414 1773 455 1832 ab
469 1772 649 1835 hominihus
663 1781 801 1854 nequeat
814 1774 966 1853 separari,
984 1776 1121 1854 proinde

182 1884 246 1927 non
268 1865 365 1927 habet
385 1882 498 1926 oausus
512 1866 680 1946 exquibus
700 1869 805 1947 quoad
825 1868 988 1931 vinoulum
1006 1870 1122 1932 dissol-

181 1969 285 2028 vatur.

221 2063 285 2126 Sed
299 2062 429 2125 dissolvi
448 2065 553 2142 potest
572 2063 678 2142 quoad
700 2062 768 2123 vitu
785 2065 1035 2144 emiuerudinen,
1050 2066 1120 2130 ma-
1147 2137 1150 2144 .

181 2163 275 2221 nente
289 2160 430 2233 vinonlo;
446 2158 533 2237 quod
546 2158 615 2218 fieri
625 2159 770 2237 potestin
780 2177 856 2222 oasu
869 2159 1035 2223 &audonis
1044 2164 1118 2224 fidei

180 2256 367 2334 conjugalis,
390 2274 448 2318 seu
469 2256 696 2332 fornicationis,
715 2261 748 2320 et
765 2257 839 2337 jure
862 2258 1006 2336 privetur
1029 2279 1115 2340 pars,

180 2366 252 2426 quae
269 2348 335 2427 juri
355 2351 483 2411 alterius
497 2367 565 2412 sese
584 2352 731 2430 opposuit
743 2357 775 2415 et
787 2354 930 2434 privatur
949 2356 1116 2418 individua

179 2445 252 2504 vita
279 2445 507 2506 eonsuetudine
533 2465 604 2527 quae
632 2447 716 2510 illius
738 2448 858 2511 honum
885 2469 950 2514 non
978 2455 1112 2519 curavit

179 2540 336 2600 Caeterum
350 2538 376 2598 si
390 2542 481 2599 extra
500 2558 610 2602 casum
627 2540 853 2621 fornicationis,
869 2545 940 2624 quis
958 2554 1113 2626 perpetuo

178 2632 349 2696 dimitteret
371 2633 517 2712 invitam,
532 2636 651 2700 taceret
674 2656 746 2699 eam
767 2639 936 2716 minutiori,
953 2658 1028 2702 oum
1047 2643 1112 2704 siue

177 2732 271 2811 eulpa
288 2732 428 2812 privaret
447 2733 580 2794 honesto
594 2752 654 2794 usu
668 2735 817 2815 conjugii,
832 2736 1030 2816 proindeque
1052 2740 1112 2800 alia

176 2850 274 2894 eausa
285 2831 446 2894 ordinaria
459 2834 578 2893 ooaotae
591 2831 782 2894 dimissionis
802 2851 867 2894 non
880 2836 929 2896 est
942 2834 1004 2895 nis1
995 2835 1110 2896 'forui-

175 2930 257 2991 eatio
271 2929 364 2991 unius
377 2928 488 3009 partis.

214 3026 266 3088 Vl.
282 3024 504 3087 Itadeolarate
524 3021 597 3102 lege
619 3022 824 3101 matrimonii,
839 3023 978 3086 debebat
996 3031 1109 3088 natura

174 3118 290 3178 sentire
304 3137 396 3180 suam
412 3116 695 3197 impmportionem
708 3116 749 3177 ad
764 3122 887 3181 tautam
909 3118 1108 3182 sanctitatem
1176 3116 1179 3120 ’

172 3213 423 3275 observandam:
439 3214 479 3276 Si
490 3215 533 3275 ito
546 3220 590 3275 est
602 3231 690 3274 conso
709 3212 834 3274 hominis
854 3232 921 3274 eom
944 3233 1048 3294 neom,
1063 3219 1107 3278 in-

172 3306 284 3386 quiunt
298 3307 453 3387 discipuli,
470 3329 528 3371 uon
542 3309 662 3390 expedit
674 3309 792 3372 nubem.

211 3399 353 3462 Ghn‘stns
366 3405 530 3481 respoudit
542 3407 646 3485 gratia
655 3407 688 3491 id
698 3406 833 3468 obtineri
847 3424 953 3486 posse,
965 3409 1008 3470 ad
1021 3409 1105 3490 quod

168 3498 274 3573 impar
294 3499 407 3555 natura
420 3501 478 3559 est.
495 3501 563 3560 Hoo
582 3503 696 3564 suadet
719 3503 863 3583 exemplo
887 3503 1019 3584 majoris
1036 3524 1104 3585 per·
