2442 4125
329 335 367 380 on
389 335 518 382 onrscro
538 337 622 382 rums
644 336 800 383 carorum.
973 329 1030 388 ¹93

137 479 201 542 Sed
215 479 368 540 sumendo
383 495 499 540 nomen
512 476 630 559 gratim
645 497 684 541 ex
694 478 766 560 jure
779 480 875 558 civili,
890 483 1032 546 Ecclesia

82 595 159 638 non
175 575 308 654 sumpsit
321 575 587 654 computationem
599 597 607 648 3
628 595 705 657 ergo
719 580 755 638 ut
769 579 960 657 computatio
974 599 1032 662 per

81 672 214 756 gradus
237 673 450 752 applicaretur
477 673 702 753 computationi
721 690 780 754 per
796 677 1028 757 generationes,

82 768 206 832 debuit
225 768 287 828 dici
300 768 420 847 primus
434 769 552 849 gradus
565 768 668 848 prima
680 770 855 848 generatio,
873 773 1031 836 secundus

81 861 215 943 gradus
236 861 378 922 secunda
398 862 572 942 generatio.
602 861 665 926 Sed
689 863 838 942 quaelibet
866 869 1030 946 generatio

83 956 336 1035 comprehendit
350 958 555 1021 ascendentes
569 963 601 1021 et
616 958 844 1023 descendentes
856 965 890 1024 et
904 962 1031 1026 collate-

83 1055 189 1116 rales.
213 1053 290 1114 lude
310 1053 343 1113 in
367 1055 507 1134 quolibet
526 1055 641 1134 gradu,
664 1073 720 1115 seu
742 1056 945 1134 generatione
969 1059 1031 1120 dis·

83 1149 195 1209 tincta
209 1154 256 1208 est
268 1148 353 1208 linea
366 1153 452 1211 recte
466 1167 485 1210 a
499 1150 583 1210 linea
599 1148 738 1228 oblique,
750 1168 805 1211 seu
815 1155 1027 1231 transversali,

84 1244 145 1306 vel
161 1244 343 1306 collaterali.

134 1329 245 1402 XXXI.
264 1342 326 1402 Cur
340 1343 445 1402 autem
459 1340 556 1403 vetita
569 1341 632 1405 sint
646 1343 848 1408 matrimonia
860 1345 943 1410 inter
956 1365 1031 1410 con-

85 1435 311 1518 sanguineos?
331 1438 362 1498 et
376 1437 558 1518 quomodo?

119 1535 168 1688 ἑο
187 1531 234 1593 Ob
254 1533 515 1610 concupiscentiae
532 1536 809 1614 compressionem,
826 1537 879 1597 cui
898 1537 1031 1600 fraenum

87 1631 125 1690 la
148 1632 256 1690 aretur
269 1629 295 1688 si
315 1628 516 1690 matrimonia
535 1631 580 1692 ita
603 1631 686 1692 inter
705 1630 878 1692 familiares
898 1632 954 1710 qni
971 1633 1030 1694 sub

87 1722 208 1783 iisdem
221 1721 312 1784 tectis
326 1726 571 1794 commorantur,
587 1725 868 1800 contraherentur,

134 1823 168 1880 2⁰
183 1818 230 1880 Ob
244 1819 453 1880 reverentiam
468 1819 652 1897 parentibus
665 1820 820 1895 debitam3
836 1825 870 1884 3ο
884 1823 925 1884 oh
940 1822 1032 1886 diliu

89 1913 218 1974 sionem
232 1911 402 1974 charitatis.

134 2010 182 2071 le
201 2008 398 2087 proximitate
418 2008 502 2071 enim
521 2007 652 2089 quidam
670 2024 793 2069 amores
807 2010 960 2087 oriuntur,
977 2012 1031 2093 qui

93 2128 169 2171 cum
183 2126 291 2169 amore
305 2109 464 2189 conjugali
472 2109 555 2170 male
566 2107 802 2183 consociantur;
814 2109 871 2169 sed
880 2128 1032 2172 verecun-

93 2206 155 2265 dus
168 2204 410 2284 propinquitatis
425 2222 514 2266 amor
528 2222 652 2265 cessare
663 2204 768 2281 debet,
781 2204 905 2267 utliber
914 2209 946 2268 et
959 2224 1033 2268 con·
1119 2237 1124 2242 ·

94 2300 263 2361 fidentialis
294 2317 382 2360 amor
411 2300 550 2379 incipiat.
575 2300 639 2363 Sed
667 2304 781 2362 natura
801 2302 869 2363 vult
890 2321 1032 2365 amorem

94 2395 240 2471 diffundi,
257 2412 319 2455 non
335 2395 474 2475 extingui
489 2395 654 2477 conjugio;
670 2397 847 2459 interenim
861 2399 938 2461 alios
951 2401 1031 2462 fines

94 2510 175 2573 quos
198 2490 256 2551 sibi
280 2493 364 2552 Deus
385 2492 549 2571 proposuit
569 2492 761 2555 instituendo
782 2496 1029 2572 matrimonium,

95 2587 275 2649 enumerari
296 2605 388 2666 posse
402 2586 537 2663 videtur,
554 2606 627 2649 cum
641 2591 817 2670 Augustino
837 2591 902 2669 (lib.
920 2592 976 2652 XV
991 2590 1030 2650 de

95 2684 199 2761 civit,
217 2688 287 2763 cap.
304 2684 381 2763 rur),
398 2684 468 2745 finis
488 2684 700 2748 diffundendae
716 2685 889 2746 charitatis.
905 2686 988 2763 Ergo
999 2683 1031 2745 in

92 2783 163 2861 ipsa
178 2785 293 2843 natura
307 2781 546 2843 fundamentum
562 2785 619 2858 est,
635 2785 671 2844 ut
686 2800 745 2861 per
758 2780 940 2862 hujusmodi
959 2796 1032 2858 pro-

96 2879 299 2957 pinquitates,
316 2878 434 2956 nuptiae
449 2896 512 2939 non
528 2879 711 2942 consistant.

136 2976 254 3035 'lamen
270 2990 343 3035 cum
356 2974 389 3033 in
404 2973 473 3052 ipsa
486 2974 720 3054 propinquitate
738 2974 818 3035 varii
827 2972 946 3051 gradus
959 2990 1033 3052 pos-

94 3069 157 3131 sint
172 3070 362 3146 enumerari,
379 3075 411 3130 et
432 3088 494 3149 quo
512 3070 615 3151 magis
634 3070 786 3150 gradosa
804 3087 858 3131 suo
878 3069 1031 3149 principio

94 3169 173 3229 liant
188 3165 385 3244 remotiores,
401 3184 438 3227 eo
453 3166 554 3247 magis
570 3166 723 3228 naturalis
741 3164 793 3226 ille
808 3184 898 3227 amor
917 3168 1033 3228 minui-

94 3250 158 3340 tur,
189 3280 268 3341 opus
289 3266 357 3325 erat
379 3268 414 3323 ut
434 3262 573 3325 humana
590 3264 641 3325 lex
655 3262 880 3327 determinaret
896 3264 1031 3344 gradum

95 3379 158 3439 quo
175 3361 293 3440 nuptiae
308 3358 582 3421 interdicerentur.

135 3459 203 3519 Hoc
217 3459 324 3520 autem
340 3456 435 3517 efficit
448 3454 543 3517 modo
558 3453 669 3535 magis,
685 3454 779 3516 mode
794 3456 898 3517 minus
912 3458 1032 3534 protra-

95 3554 201 3616 hendo
217 3554 400 3635 hujusmodi
413 3553 548 3630 vincula,
570 3552 661 3632 juxta
674 3553 759 3633 quod
773 3553 900 3632 publica
914 3550 1032 3612 utilitas
1084 3557 1086 3562 '
