2442 4125
171 319 211 378 32
384 333 613 380 insusurrantes
633 335 716 381 suuis
738 310 893 383 circulor.

172 475 345 556 regulares,
358 475 430 555 juro
444 477 613 554 communi,
629 483 660 540 et
675 479 822 540 monachi
836 480 877 542 ob
890 481 1109 561 solitudinem,

172 576 205 634 et
226 571 331 633 clerici
354 572 474 652 absque
497 572 648 635 ordinarii
670 574 805 651 licentia,
830 579 864 639 ut
884 576 994 640 volunt
1016 579 1113 658 plura

172 672 290 731 statuta
302 668 538 748 particularium
551 669 705 730 locorum.

212 764 309 824 Decet
323 767 357 824 ut
370 763 431 824 sint
443 762 580 841 puberes
594 766 626 823 et
640 761 826 824 confirmati.

213 857 335 920 Debent
354 862 459 919 autem
480 857 614 934 admitti,
636 857 686 918 vel
706 876 798 934 uuus,
821 861 876 920 aut
897 875 971 934 una,
993 858 1045 918 vel
1068 860 1111 920 ad

172 971 331 1014 summum
350 952 424 1029 duo,
441 970 539 1014 uuum
557 971 614 1031 pro
631 953 762 1033 singulis
781 953 918 1028 sexibus,
935 956 966 1014 et
987 953 1049 1014 hoc
1070 955 1110 1016 de

169 1049 241 1128 jure
255 1049 424 1124 communi,
441 1067 479 1108 ue
494 1048 586 1108 nimis
603 1067 672 1110 sese
687 1048 834 1110 extendat
854 1049 998 1128 coguatio
1015 1049 1112 1128 spiri-

171 1139 281 1211 tualis;
305 1144 572 1219 quapropter-nec
595 1140 710 1222 conjux
731 1139 908 1219 conjugem,
933 1158 991 1200 nec
1015 1145 1111 1219 pater

172 1232 270 1293 filium
280 1233 439 1314 suscipere
453 1238 566 1313 potest.

539 1435 674 1481 CAl‘lTUL.
699 1436 735 1480 11.

458 1579 498 1616 bb
521 1577 827 1616 copulassemus.

212 1719 234 1777 1.
258 1713 529 1787 Quemadmodum
552 1715 644 1775 aetus
665 1713 759 1774 homo
780 1714 813 1774 iu
835 1713 944 1775 ordine
965 1718 1106 1779 naturali

173 1811 290 1873 sensim
313 1809 479 1870 roboratur
502 1811 533 1869 et
556 1808 679 1880 crescit,
704 1808 747 1870 ita
770 1809 834 1870 vitu
857 1811 1109 1886 supernaturalis

173 1921 242 1984 quae
258 1921 316 1983 per
327 1904 559 1963 sacramentum
574 1901 770 1979 baptismatis
785 1902 918 1962 innubis
933 1907 1028 1965 enata
1045 1911 1107 1983 est,

172 2019 230 2083 per
243 2004 476 2064 sacramentum
495 1999 742 2061 confirmationis
759 1996 920 2058 adolescit.
937 1999 1109 2061 Ecclesias-

171 2102 235 2163 tica
248 2099 424 2179 disciplina,
441 2116 511 2178 quae
528 2096 684 2177 dogmatis
700 2098 853 2173 perpetua
868 2096 1026 2172 expressio
1046 2098 1106 2171 est,

172 2194 355 2271 simpliciter
373 2193 548 2271 baptizatos
566 2197 718 2270 tauquam
737 2188 883 2267 infantes,
905 2191 1110 2253 confirmatos

171 2296 323 2367 tanquam
342 2288 426 2349 viros
444 2290 624 2351 considerat
645 2289 678 2349 in
698 2287 929 2363 communione,
951 2288 984 2348 in
1006 2290 1110 2350 socie·

172 2389 236 2444 tate
251 2382 422 2443 christiana
437 2402 444 2442 :
461 2383 531 2443 illos
545 2390 697 2463 tanquam
716 2402 821 2445 meros
841 2383 936 2457 cives,
958 2384 1016 2444 hos
1035 2388 1111 2445 tan-

173 2496 268 2558 quam
282 2476 396 2537 milites
410 2477 543 2539 civitatis
556 2481 612 2539 Dei
628 2498 698 2560 qnae
714 2482 761 2541 est
775 2478 925 2539 Ecclesia.

214 2575 387 2652 Postquam
403 2592 479 2653 ergo
493 2574 532 2635 de
547 2574 648 2653 primo
671 2575 724 2636 illo
739 2577 946 2649 sacramento,
965 2592 1027 2653 quo
1042 2576 1109 2640 Deo

173 2666 368 2734 renascimur
382 2669 587 2747 pergratiam
601 2668 815 2745 invisibiliter,
833 2671 863 2728 et
878 2665 1041 2728 visibiliter
1055 2685 1109 2727 ec-

173 2762 354 2826 clesiasticae
362 2764 504 2826 societati
514 2763 868 2844 aggregamur‚jamdiu
877 2763 974 2823 locuti
984 2780 1105 2841 sumus,

172 2859 212 2919 de
227 2862 286 2923 hoc
300 2863 398 2925 altero
414 2865 611 2922 sacramento
628 2860 721 2921 hodie
735 2860 929 2938 loquendum
944 2862 1001 2920 est.
1016 2860 1107 2931 Quod

171 2958 207 3016 ut
221 2961 358 3034 prestem
372 2974 409 3017 eo
429 2956 536 3032 modo,
557 2973 620 3034 quo
639 2956 715 3041 viris
735 2948 890 3034 theologis
911 2972 974 3015 non
997 2954 1108 3033 displi-

172 3054 252 3126 ceat,
268 3051 438 3129 suppositis
453 3051 633 3113 notionibus
648 3050 833 3131 dogmaticis
848 3068 917 3129 quae
928 3050 988 3109 hoc
999 3067 1107 3111 sacra-

171 3150 313 3207 mentum
336 3147 525 3225 respiciunt,
555 3165 656 3226 pauca
680 3153 830 3227 tanquam
854 3146 1020 3207 delineaho
1044 3147 1105 3207 sub

172 3244 317 3319 respectu
338 3241 441 3320 potius
464 3242 666 3322 disciplinari,
691 3242 874 3321 etquidem
897 3244 931 3302 ut
954 3241 1105 3302 definiam

171 3338 335 3418 generales
349 3337 444 3417 hujus
462 3340 651 3402 sacramenti
669 3342 768 3402 status
787 3340 820 3399 in
838 3338 987 3400 societate
1007 3338 1105 3399 chris-

172 3434 269 3495 tiana.

212 3532 314 3604 Quum
334 3535 440 3595 autem
461 3531 648 3594 sacramenti
670 3531 756 3592 notio
779 3530 921 3593 involvet
945 3532 1105 3593 notionem
