2442 4125
357 336 395 381 nn
415 334 544 383 ostnoro
564 338 647 383 runis
669 336 824 385 cruorum.
995 329 1053 386 alt

164 477 302 540 XXXIX.
324 476 434 541 Ultimo
449 482 598 543 conditio.
621 482 802 560 Requiritur
821 486 855 542 ut
872 484 914 543 sit
931 484 971 545 de
990 503 1056 547 ma-

124 575 271 636 trimonio
286 575 367 637 inter
381 594 414 636 se
425 577 652 653 contrahendo,
664 578 810 639 videlicet
819 579 903 659 quod
913 599 1056 659 persona

126 690 196 751 quae
210 690 267 749 per
281 689 326 749 se,
343 676 399 733 aut
412 690 469 751 per
487 692 579 734 suum
598 674 832 735 mandatarium
844 678 1053 755 consentiunt,

126 784 188 827 non
203 767 265 828 sint
279 770 402 828 tautum
417 786 487 847 quac
502 769 712 845 consentiunt,
729 770 785 831 sed
799 774 831 833 et
844 771 875 831 in
890 791 968 852 quas
983 791 1058 835 con-

125 863 272 931 sentitur.
660 911 664 917 .

167 957 246 1029 Quid
266 974 342 1036 orgo
363 957 390 1017 si
414 958 455 1018 ad
475 959 570 1019 aliam
591 978 759 1038 personam
780 960 938 1025 diversam
959 964 1000 1025 oh
1020 984 1059 1026 ea

127 1072 197 1134 quae
221 1053 385 1129 consentit,
417 1071 587 1116 consensus
614 1057 795 1134 nuptiarum
822 1058 997 1121 referatur?
1023 1062 1057 1123 Si

127 1151 197 1229 quis
223 1168 281 1227 per
304 1166 443 1210 errorem
467 1150 634 1212 contrahat
657 1170 729 1212 oum
751 1153 827 1230 hia,
852 1160 967 1233 putans
991 1175 1059 1217 esse

127 1245 306 1323 Rachelem‚
324 1244 481 1305 contrahit
495 1262 567 1305 oum
580 1246 675 1323 inope
696 1249 811 1324 putans
829 1265 897 1309 esse
915 1250 1057 1327 divitem,

127 1340 285 1402 contrahit
303 1358 375 1401 cum
393 1339 517 1416 ancilla,
538 1343 654 1419 putans
672 1360 740 1403 esse
758 1342 891 1405 liberam
910 1350 943 1405 et
960 1346 1061 1407 domi·

128 1454 212 1512 uam,
230 1439 289 1497 etc.
308 1435 388 1507 Quid
403 1435 429 1494 si
445 1436 579 1497 errando
595 1438 772 1500 contraxit?

168 1530 346 1594 Videndum
371 1534 418 1592 est
441 1530 601 1610 quodnam
624 1531 719 1594 fuerit
742 1532 900 1613 objectum
922 1534 1058 1610 erroris;

128 1627 284 1705 siquidem
307 1644 396 1686 error
414 1626 527 1687 eadere
548 1628 652 1705 potest
673 1628 724 1688 vel
747 1627 779 1687 in
803 1628 947 1705 nomino,
963 1629 1013 1690 vel
1027 1630 1060 1689 in

128 1740 306 1800 personam,
322 1723 373 1783 vel
392 1722 427 1797 inp
446 1721 630 1801 qualitatem
644 1741 786 1800 personae
808 1742 880 1784 oum
902 1744 965 1805 qua
986 1742 1061 1785 con-

127 1820 293 1883 trahimus.
309 1818 342 1880 Si
353 1818 447 1879 cadat
460 1819 492 1878 in
502 1836 666 1899 personam,
678 1820 768 1881 vitiat
777 1839 979 1895 consensum;
991 1822 1062 1881 nul·

128 1916 194 1976 lum
217 1919 265 1976 ost
287 1914 521 1975 matrimonium
546 1932 553 1973 :
580 1913 665 1975 cadit
687 1916 771 1975 enim
797 1917 830 1975 in
854 1918 1060 1978 substantiam

130 2015 322 2086 contractus3
342 2028 415 2072 uam
431 2010 654 2072 contrahentes
667 2012 699 2071 in
713 2012 913 2073 matrimonio
928 2017 1001 2075 sunt
1020 2012 1060 2072 ad

129 2109 264 2170 invicem
278 2107 467 2186 principium
488 2111 519 2168 et
539 2106 692 2168 terminus
714 2108 762 2168 sui
784 2126 965 2185 consensus,
988 2114 1063 2168 sunt

129 2200 221 2260 simul
236 2216 379 2278 personae
395 2199 610 2260 determinata
621 2205 653 2259 et
661 2200 836 2280 singulares
846 2201 878 2260 in
889 2220 968 2280 quas
977 2201 1063 2262 cadit

131 2297 257 2355 mutuus
272 2311 453 2369 consensus,
471 2311 541 2373 quae
556 2311 589 2354 se
605 2293 739 2355 invicem
753 2295 950 2374 promittuut,
967 2299 999 2356 et
1012 2313 1062 2354 re-

130 2390 330 2467 promittunt3
348 2389 427 2450 adeo
442 2392 487 2464 ut,
505 2389 531 2448 si
549 2390 590 2450 ad
608 2389 704 2451 aliam
722 2408 889 2469 pomonam
907 2391 1063 2452 referatur

131 2501 302 2545 consensus
315 2484 473 2544 diversam
487 2484 527 2544 ah
542 2503 580 2545 ea
595 2503 665 2564 quae
685 2487 840 2548 consentit
858 2487 897 2547 de
916 2488 1010 2564 facto,
1032 2492 1064 2545 et

132 2579 275 2656 acceptat
298 2577 425 2637 alterius
449 2593 647 2653 consensum,
670 2581 851 2639 contractus
871 2575 1063 2638 matrimonii

133 2673 254 2750 concipi
268 2671 353 2732 nullo
368 2672 462 2732 modo
477 2676 590 2750 potest.

172 2770 240 2829 Non
256 2767 340 2827 enim
353 2767 589 2830 matrimonium
610 2768 646 2827 fit
667 2784 740 2827 cum
758 2766 813 2827 illa
834 2783 904 2845 quae
925 2781 1063 2844 praesens

133 2865 297 2941 consentit,
321 2864 395 2943 quia
418 2864 458 2924 ad
481 2865 568 2926 illam
588 2864 718 2925 alterius
739 2879 909 2924 consensus
930 2878 993 2921 non
1013 2879 1065 2921 re-

93 2954 95 2958 ’
133 2961 245 3034 iertur3
263 2979 326 3022 non
341 2979 413 3021 cum
426 2960 480 3021 illa
503 2961 544 3021 ad
566 2979 662 3041 quam
683 2959 818 3020 refertur
839 2958 967 3018 alterius
989 2975 1065 3018 con-

133 3073 253 3136 sensus,
271 3057 346 3135 quia
360 3056 444 3117 hunc
459 3073 521 3116 uon
536 3059 691 3134 acceptat,
712 3072 770 3115 neo
792 3054 831 3114 de
852 3053 934 3114 facto
955 3069 1064 3113 recon-

133 3154 228 3215 sentit
262 3157 293 3214 ot
320 3154 517 3234 repromittit.
555 3156 590 3214 In
625 3153 782 3230 emptione
817 3151 871 3211 ubi
908 3149 1066 3231 objectum

134 3252 314 3310 contractus
328 3256 376 3310 ost
389 3267 451 3325 res,
470 3248 642 3310 dummodo
663 3247 698 3308 de
720 3246 849 3326 Corpore
867 3247 913 3306 rei
932 3250 1065 3321 constet,

134 3345 166 3404 in
190 3345 275 3424 quod
299 3344 384 3406 cadit
410 3345 584 3406 substantia
604 3345 803 3418 contractus,
827 3361 939 3421 parum
965 3342 1069 3404 oonsi-

135 3439 265 3500 deratur
277 3458 413 3518 persona
434 3439 695 3501 contrahentium.
720 3440 818 3501 Seous
838 3438 871 3497 in
890 3436 1068 3515 stipulatio-

137 3535 244 3610 nibus3
264 3537 436 3598 liberalitas
464 3537 547 3598 enim
575 3535 698 3614 concipi
726 3553 789 3597 non
816 3537 921 3612 potest
949 3533 1006 3592 nisi
1035 3533 1067 3590 in

244 3649 309 3688 rou.
330 3649 361 3686 11.
932 3628 964 3680 13
