2442 4125
201 280 260 338 32l
409 290 636 339 rusmronouns
657 290 739 337 rums
761 292 918 339 asnorum.

508 478 673 525 aarlcotus
695 479 815 525 rullius

291 625 415 707 Eejare
427 643 485 705 quo
497 624 608 704 qaodct
619 624 753 687 Ecclesia
773 627 948 707 acquirendi
966 626 1040 690 baca

570 721 754 801 temporalia.

240 860 264 920 l.
289 858 409 920 Eodem
427 855 510 937 jure,
536 858 568 917 et
589 854 714 935 potiori,
741 873 803 935 quo
826 844 1010 918 facultatem
1034 858 1134 922 habet

200 972 250 1016 res
263 952 390 1033 publica
403 951 501 1012 civilis
516 950 726 1029 comparandi¹
740 950 800 1010 sibi
821 949 905 1012 bona
927 954 1131 1031 temporalia,

199 1049 317 1130 gaudet
331 1055 363 1108 et
374 1046 524 1108 Ecclesia.
549 1047 629 1107 Nam
650 1044 723 1106 licet
741 1046 880 1107 Ecclesia
902 1048 1132 1125 temporalibus

199 1142 295 1202 rebus
322 1158 385 1201 non
411 1138 556 1201 intendat
578 1138 658 1199 sicut
681 1138 780 1200 civilis
805 1139 999 1218 respublica,
1023 1144 1132 1203 tamen

199 1236 306 1314 ntique
320 1223 389 1312 pari
410 1234 504 1294 modo
523 1232 702 1294 necessaria
723 1235 771 1294 est
790 1232 947 1295 bonorum
968 1240 1132 1315 tempora-

196 1331 273 1391 lium
300 1328 463 1407 acquisitio
487 1330 522 1389 ut
543 1326 649 1388 valeat
668 1327 848 1389 subsistere.
872 1330 956 1389 Nam·
978 1346 1030 1390 res
1053 1329 1130 1410 ipsae

198 1431 268 1507 quae
289 1424 436 1485 dicuntur
453 1421 642 1500 spirituales,
663 1424 889 1501 temporalibus
909 1423 1056 1504 indigent
1074 1426 1131 1485 ad-

196 1520 361 1582 minuculis
375 1524 410 1579 ut
419 1517 598 1578 subsistant
616 1516 706 1578 Unde
717 1517 828 1577 eodem
836 1518 907 1598 jure
919 1535 981 1597 quo
993 1520 1128 1583 dicimus

196 1617 319 1679 civilem
346 1612 572 1693 rempublicam
594 1612 733 1693 gaudere
761 1616 916 1691 potestate
939 1615 1127 1694 acquirendi

196 1714 281 1774 bona
292 1710 490 1790 temporalia,
505 1708 625 1789 gaudet
638 1710 669 1770 et
682 1708 831 1770 Ecclesia.

236 1809 274 1869 Et
288 1806 381 1867 sicuti
394 1804 574 1884 hujusmodi
587 1803 718 1865 facultas
733 1804 871 1865 nascitur
887 1805 1032 1867 societati
1045 1806 1127 1866 civili

196 1921 235 1963 ex
245 1902 312 1981 ipso
320 1900 392 1981 jure
402 1904 533 1975 natura,
546 1900 649 1977 posita
658 1897 756 1960 civilis
766 1900 922 1963 societatis
933 1900 1126 1963 institutione

195 1997 330 2059 naturali
341 1997 416 2078 (non
426 1998 531 2076 posset
541 1995 626 2056 enim
641 1996 707 2055 sine
722 1994 833 2055 mediis
845 1996 938 2057 finem
948 1996 1124 2078 consequi),

195 2096 263 2173 pari
282 2095 376 2158 modo
396 2095 497 2173 posita
515 2093 746 2171 supernaturali
769 2092 915 2154 Ecclesia
929 2094 1125 2156 institutione
1214 2115 1216 2119 ·

195 2190 226 2248 et
240 2189 341 2266 posita
355 2188 411 2248 tali
422 2187 617 2249 institutione
632 2189 667 2246 ut
680 2184 791 2246 mediis
805 2186 1033 2264 temporalibus
1047 2186 1125 2246 indi-

194 2287 268 2360 geat
281 2299 338 2359 pro
353 2282 400 2342 sui
421 2281 669 2357 conservatione,
691 2281 790 2342 oritur
804 2280 885 2361 juris
904 2282 1057 2344 naturalis
1079 2281 1124 2341 ia-

193 2374 293 2434 cultas
307 2377 491 2454 acquirendi
504 2377 588 2438 bona
600 2377 797 2454 temporalia.

545 2553 711 2601 laudatos
732 2555 767 2600 11.

255 2671 402 2736 Demadis
416 2670 519 2752 quibos
533 2670 666 2733 Ecclesia
681 2671 809 2752 acquirit
822 2689 867 2732 res
882 2673 1062 2753 temporales.
1135 2651 1140 2666 ¹

230 2822 268 2883 ΙΙ.
285 2819 423 2899 Duplicis
437 2820 561 2899 generis
574 2821 661 2882 modi
675 2820 734 2882 hac
751 2819 785 2882 in
805 2837 839 2882 ra
860 2829 992 2901 possunt
1013 2839 1121 2886 recen-

190 2918 278 2979 seri:
305 2915 451 2978 videlicet
470 2916 557 2977 modi
579 2917 740 2998 originarii
760 2922 791 2980 et
813 2918 976 2997 primitivi,
1001 2922 1120 3000 quibos

187 3015 333 3094 primitus
361 3013 607 3076 ecclesiasticum
634 3015 791 3092 peculium
814 3017 1013 3078 efformatum
1037 3022 1086 3079 est
1110 3037 1117 3078 :

187 3112 273 3173 modi
287 3109 462 3186 derivativi,
477 3110 590 3189 quibus
604 3110 644 3171 de
655 3111 776 3189 peculio
785 3111 881 3171 semel
896 3113 1062 3192 acquisito,
1079 3113 1119 3174 de

88 3257 91 3262 .
187 3224 222 3265 rc
250 3206 308 3266 sibi
335 3206 504 3285 acquisita,
534 3208 727 3285 comparavit
753 3207 813 3268 sibi
839 3207 981 3269 Ecclesia
1004 3212 1119 3270 caetera

186 3298 270 3357 bona
282 3299 468 3378 temporalia
487 3298 600 3377 quibus
621 3298 793 3378 indigebat,
819 3298 868 3360 vel
891 3318 960 3377 quse
982 3301 1036 3360 fini
1058 3317 1117 3360 suo

187 3393 309 3467 putavit
322 3411 391 3454 esse
405 3399 592 3472 opportuna.

224 3483 324 3564 Hujus
338 3487 466 3546 secundi
480 3488 606 3566 generis
620 3487 707 3551 modi
720 3508 783 3553 non
802 3489 937 3552 offerunt
956 3486 1033 3568 quid
1052 3487 1118 3549 sin·
