2442 4125
206 353 264 411 ιιθ
417 360 645 407 rusrrrunouns
664 358 746 405 runis
769 357 927 405 neronior.

248 512 331 588 Ergo
346 506 517 568 necessitas
532 505 628 584 exigit
641 508 677 566 ut
690 522 793 583 panea
813 504 852 565 de
874 504 935 565 hae
956 449 1153 683 quaelffi
1213 467 1214 474 ἵ

206 612 263 667 s'eu
277 604 317 665 de
330 602 481 664 limitibus
495 602 658 681 utriusque
672 600 836 681 potestatis
850 601 911 661 hae
925 600 958 661 in
979 620 1016 662 re
1046 608 1047 611 ’
1099 669 1127 697 ,ἦ

206 719 289 763 mur.
1096 697 1129 738 ‘l'

218 849 253 895 11.
269 850 301 894 lte
311 848 415 893 limitibus
426 851 539 903 utriusque
550 848 662 902 potestatis
674 847 743 891 elrllis
752 852 774 892 et
785 820 969 910 seelesiustieaelu
977 828 1133 895 matrim.

412 962 444 1003 De
456 960 560 1003 limitibus
568 960 681 1015 utriusque
685 958 804 1013 potestatis
812 958 835 999 in
847 969 934 1011 perere.

246 1077 299 1136 IX.
330 1077 428 1135 Nemo
456 1074 588 1136 tertuum
609 1077 657 1134 est
679 1073 734 1151 qui
759 1071 883 1132 dubitet
904 1070 1148 1131 matrimonium

205 1170 368 1253 ¹objectum
381 1188 449 1230 esse
464 1170 530 1231 sive
545 1167 764 1229 eeclesiastieae
779 1166 845 1227 sive
859 1165 959 1227 civilis
976 1167 1148 1227 auetorita-

208 1266 259 1327 tis.
276 1265 511 1327 Matrimonium
525 1265 620 1341 enim,
637 1268 672 1325 ut
690 1264 734 1324 ait
755 1264 788 1325 S.
811 1261 948 1322 Thomas
972 1261 1017 1340 (in
1040 1262 1143 1341 suppl.

209 1380 241 1439 q.
257 1363 307 1421 50.
324 1365 435 1420 eontra
449 1362 574 1436 Gentes,
590 1359 645 1420 lib.
662 1360 715 1435 IV,
733 1377 760 1419 e.
784 1356 912 1435 nxxvnn)
935 1357 968 1416 in
991 1364 1148 1436 quantum

208 1463 256 1523 est
270 1458 408 1521 offieium
423 1464 556 1530 naturae,
573 1458 722 1519 statuitur
738 1456 808 1537 lege
830 1460 962 1531 naturae,
988 1456 1021 1515 iu
1049 1475 1147 1536 quen-

208 1560 339 1619 tumeat
357 1557 600 1626 sacramentum,
617 1553 765 1615 statuitur
781 1552 853 1632 jure
875 1552 995 1627 divino,
1017 1558 1055 1612 et
1078 1553 1147 1613 suu

204 1654 291 1732 jaeet
303 1652 450 1731 regimini
463 1649 684 1724 eeclesiastico,
694 1648 726 1708 in
738 1652 891 1727 quantum
901 1649 992 1709 estin
1003 1647 1145 1708 officium

209 1744 451 1818 communitatis,
481 1759 537 1801 seu
559 1742 723 1809 ordinatur
752 1740 784 1799 in
813 1740 932 1801 bonum
962 1740 1144 1819 politicum,

209 1838 357 1901 statuitur
369 1837 440 1917 lege
455 1835 549 1896 eivili.

247 1936 289 1995 At
303 1950 388 2009 vero,
404 1932 478 1994 lieet
492 1931 544 1991 hie
554 1930 668 2009 triplex
677 1933 887 2010 sitrespeetus
898 1932 1102 1994 matrimonii
1111 1931 1147 1993 ad

209 2030 365 2109 triplicem
378 2029 621 2110 legislationem,
633 2028 746 2109 triplex
761 2028 999 2105 matrimonium
1009 2046 1082 2090 non
1093 2034 1144 2104 est,
1188 2034 1191 2043 ’

209 2125 389 2186 sedunum.
406 2125 486 2185 lllud
501 2123 585 2183 enim
602 2124 708 2202 ipsum
729 2130 764 2183 ut
778 2122 929 2184 naturalis
948 2128 1144 2196 contractus,

210 2239 266 2280 seu
281 2221 335 2280 illa
347 2220 481 2282 societas
503 2219 654 2280 naturalis
669 2237 739 2299 quae
754 2237 773 2278 a
787 2221 852 2280 Deo
866 2218 1010 2280 instituta
1023 2226 1091 2296 est,
1110 2220 1145 2279 ad

209 2315 329 2373 bonum
339 2315 502 2393 publicum
513 2315 658 2376 ordinata
669 2321 716 2376 est
726 2316 852 2394 quando
868 2316 1011 2376 homines
1020 2317 1059 2376 in
1070 2317 1145 2396 poli·

209 2408 306 2467 tieem
315 2409 498 2468 societatem
510 2411 705 2488 coaluerunt,
718 2412 798 2474 etad
810 2411 999 2472 sacramenti
1011 2411 1144 2490 dignite-

209 2509 274 2563 tem
293 2502 417 2564 elevata
434 2512 482 2564 est
502 2508 627 2586 quando
643 2507 675 2567 in
689 2507 883 2586 plenitudine
901 2512 1088 2584 temporum
1106 2509 1143 2566 sic

210 2597 332 2660 Christo
349 2598 468 2676 plaeuit
480 2601 602 2662 mederi
613 2603 776 2664 hominum
786 2607 917 2664 naturae.
930 2604 1014 2681 nrgo
1026 2621 1090 2665 neo
1101 2619 1142 2663 ee-

210 2693 394 2783 clesiastico,
411 2713 469 2756 nee
483 2697 612 2775 politica
629 2703 767 2777 potestus
788 2702 874 2760 areat
895 2715 1014 2759 novum
1034 2699 1142 2759 matri-

209 2789 350 2850 monium
364 2791 415 2849 vel
430 2791 677 2852 ecclesiasticum
692 2792 743 2853 vel
756 2793 858 2869 uirile,
875 2792 931 2852 sed
945 2791 1032 2852 idem
1053 2796 1141 2852 n'atu-

208 2885 274 2946 rale
288 2885 522 2947 matrimonium
530 2886 563 2946 in
573 2904 666 2948 suum
676 2888 886 2965 respectivum
895 2889 993 2949 finem
1003 2889 1137 2960 ordinat,

209 2982 240 3040 et
253 2980 446 3042 moderatur.

247 3077 326 3136 Cum
339 3081 445 3139 autem
460 3076 566 3138 omnia
580 3095 650 3156 quae
665 3096 685 3138 a
699 3080 762 3139 Deo
780 3083 862 3156 sunt,
880 3080 1027 3141 ordinata
1046 3085 1136 3141 sunt:

208 3171 314 3229 omniu
327 3174 411 3232 enim
424 3175 456 3232 in
470 3174 625 3251 sapientia
638 3173 711 3236 feeit
726 3177 819 3252 Deae,
837 3179 868 3237 et
883 3181 1017 3255 utraque
1036 3179 1137 3253 potes·

207 3266 266 3336 tas,
283 3265 362 3324 sieut
376 3269 476 3328 Deum
488 3269 706 3329 immediatum
726 3271 820 3331 habet
842 3274 1015 3346 auetorem,
1041 3272 1086 3332 ita
1107 3272 1137 3328 et

207 3357 312 3418 divino
323 3357 406 3438 jure,
423 3363 455 3422 in
470 3381 562 3424 suum
576 3366 672 3425 finem
691 3367 885 3444 moderatur,
909 3387 979 3447 quae
1000 3367 1041 3428 illi
1064 3385 1134 3442 sup·

207 3451 309 3527 posita
341 3460 429 3527 sunt,
453 3455 567 3515 limites
588 3459 657 3535 ipso
678 3457 750 3536 jure
772 3459 877 3521 divino
901 3461 1036 3542 impositi
1061 3461 1134 3518 sunt

206 3543 368 3618 querendi
383 3547 417 3602 ut
431 3561 501 3603 eam
514 3551 709 3623 provinciam
723 3553 782 3612 sihi
794 3573 920 3633 quoque
935 3557 967 3615 in
978 3554 1133 3616 matrimo-
