2442 4125
306 267 345 312 ou
366 266 493 312 obsecro
513 267 597 312 roris
619 266 775 313 elnonrcr.
945 257 1003 316 21¹1

53 411 218 472 titutione
243 409 390 470 Ecclesiae
406 416 536 487 possunt
557 408 673 486 duplici
697 414 842 488 respectu
864 412 1006 474 conside·

52 505 145 580 rari,
162 504 308 566 videlicet
321 504 382 564 sub
395 503 545 581 adspectu
559 503 718 579 invisibili,
733 509 766 568 et
780 507 839 567 sub
851 499 1005 586 adspectu

54 601 185 662 visibili
210 619 266 662 seu
293 617 358 680 prae
387 599 532 662 exteriori
559 601 659 662 forma
688 620 784 681 quam
811 603 1002 668 manifestat.

55 699 235 776 objectum
248 695 403 757 invisibile
418 695 519 756 cultus
534 697 631 760 nostri
645 697 730 758 aliud
745 704 793 760 est
807 699 1003 777 primarium,

55 795 158 857 aliud
185 793 417 854 secundarium.
442 794 628 855 Primarium
648 799 696 855 est
719 812 802 854 unus
822 796 918 872 Deus,
941 803 1005 859 tres

57 908 227 972 persouae,
257 881 359 964 Peter,
389 890 496 963 Filius,
524 890 659 971 Spiritus
685 892 830 969 Sanctus,
859 894 902 954 itu
929 911 1004 954 vero

59 986 160 1067 qnod
180 1003 252 1047 cum
266 985 405 1046 Ecclesia
427 985 642 1048 immediatam
663 1004 753 1047 suam
775 987 1003 1051 institutionem
1059 1035 1065 1044 .

58 1085 197 1161 repetat
218 1099 237 1141 a
260 1081 327 1142 Filii
348 1080 403 1141 Dei
426 1098 572 1159 persona,
602 1099 660 1161 per
686 1100 782 1160 quem
810 1084 919 1161 creati,
948 1103 1006 1164 per

60 1197 168 1258 quem
181 1177 335 1256 redempti
356 1195 475 1252 sumus,
497 1195 670 1256 perquem
694 1180 926 1255 coronabimur,
948 1199 1006 1260 per

60 1276 177 1353 ipsum
192 1273 289 1334 soleat
304 1290 393 1334 orare
408 1275 519 1347 Deum,
535 1274 588 1352 qui
604 1280 651 1336 est
664 1274 819 1337 mediator
833 1277 888 1337 Dei
903 1283 934 1338 el
948 1277 1005 1338 ho-

60 1367 205 1439 miuum,
221 1366 314 1426 homo
337 1366 477 1428 Christus
490 1367 594 1443 lesus,
622 1385 716 1445 quem
735 1368 889 1430 habemus
912 1369 1006 1430 advo-

63 1464 179 1522 catum
203 1459 434 1538 apud-Patrem,
460 1462 512 1538 qni
527 1461 628 1523 factus
651 1469 699 1524 est
712 1480 733 1522 a
755 1464 822 1523 Deo
842 1462 933 1522 uobis
955 1478 1006 1521 su-

64 1555 203 1636 pientia,
216 1555 345 1633 justitin,
362 1556 565 1618 sanctificatio
582 1560 615 1619 et
627 1557 814 1633 redemptio.

112 1653 176 1716 Sed
191 1656 305 1731 preater
322 1653 382 1713 hoc
403 1652 559 1732 objectum
581 1652 766 1732 primarium
780 1651 875 1714 babet
897 1651 1007 1713 Eccle-

66 1749 120 1810 sia
134 1756 165 1810 et
179 1748 337 1827 objectum
353 1747 512 1826 quoddam
526 1748 747 1809 secundarium
759 1746 861 1809 cultus
874 1747 923 1826 sui
937 1747 1006 1809 reli·

65 1842 165 1928 giesi,
180 1845 322 1906 videlicet
336 1845 466 1922 angelos
480 1844 580 1905 bonos
594 1845 753 1916 ministros
765 1844 823 1906 Dei
838 1851 870 1905 et
881 1849 1007 1906 sanctos

66 1961 146 2002 onm
162 1939 282 2000 Christo
296 1942 455 2019 regnantis
469 1940 501 2000 in
515 1940 615 2002 coelis.
631 1939 769 2000 Dicimus
784 1941 941 2018 objectum
957 1957 1008 2001 se·

68 2033 260 2097 cundarium
283 2031 474 2115 quianullus
498 2037 683 2095 nosternon
704 2034 890 2095 terminatur
907 2034 940 2093 iu
961 2035 1007 2095 ais

67 2136 225 2209 tanquam
251 2130 283 2189 in
308 2148 366 2190 suo
393 2130 502 2193 ultimo
523 2130 668 2203 termino,
697 2129 755 2189 sed
783 2130 921 2207 pondere
949 2148 1006 2190 sno

68 2228 175 2288 fertur
197 2227 229 2287 in
250 2228 363 2303 Deum,
387 2226 440 2303 qui
468 2226 604 2287 estfous
633 2226 804 2287 sanctitatis
827 2229 859 2289 el
885 2226 1005 2306 glorior,

70 2324 203 2398 propter
216 2335 309 2397 quem
334 2336 599 2383 conveneramur.
625 2320 727 2381 Deum
741 2320 825 2381 enim
845 2320 953 2382 inillis
976 2328 1007 2383 et

70 2430 133 2493 par
153 2412 223 2473 illos
249 2417 281 2477 el
301 2431 374 2475 cum
401 2414 461 2475 illis
483 2431 689 2489 veneramur-3
714 2421 745 2478 et
760 2415 1006 2497 qnandoprose·

72 2510 202 2587 quimur
214 2509 339 2571 illorum
352 2510 475 2590 merita,
491 2512 658 2573 laudamus
677 2513 760 2573 dona
775 2516 807 2575 ct
829 2515 1005 2576 misericor-

74 2606 144 2667 dias
157 2606 214 2667 Dei
237 2608 377 2685 trophoee
392 2607 515 2669 Christi.
542 2608 612 2668 Non
634 2606 726 2667 aliter
748 2608 780 2666 in
804 2624 902 2684 reguo
925 2608 1005 2669 civili

74 2718 263 2764 veneramur
276 2703 381 2781 regios
394 2703 561 2775 ministros,
577 2702 629 2763 vel
642 2702 764 2780 regium
778 2704 934 2778 senatum,
950 2704 1007 2763 sed

75 2798 234 2858 veneratio
249 2797 396 2875 quamtis
410 2797 634 2876 impendimus,
650 2802 764 2858 natura
777 2812 836 2857 sua
849 2794 948 2855 fertur
971 2794 1004 2853 in

74 2909 196 2971 regem,
216 2894 290 2971 quia
304 2910 358 2954 eos
378 2911 441 2953 nou
457 2910 645 2955 veneramur
667 2891 700 2952 in
718 2896 871 2970 mantum
893 2895 1007 2951 natura

75 2989 148 3044 sunt
176 2984 266 3045 nobis
287 2985 474 3066 coequales,
501 2986 557 3047 sed
580 2990 737 3065 quatenus
760 2984 800 3044 ob
823 2983 1006 3062 dignitatem

74 3097 172 3157 quom
185 3100 205 3141 a
228 3098 303 3160 rege
318 3082 403 3145 velut
425 3088 532 3143 centro
547 3082 677 3157 habent,
703 3084 777 3143 sunt
798 3079 889 3140 uobis
910 3098 1008 3157 prees-

74 3176 239 3253 tantiores,
254 3178 399 3258 illiusque
413 3178 614 3257 majestatem
637 3168 853 3254 unusquisqne
866 3194 923 3253 pro
941 3194 1009 3236 mo-

75 3273 150 3335 dulo
174 3290 232 3333 suo
256 3274 346 3335 uobis
370 3280 606 3352 repraesentant.
629 3274 726 3333 Porro
749 3274 786 3334 ut
809 3271 924 3351 duplex
947 3272 1007 3335 hoc

75 3370 178 3431 cultus
199 3387 299 3447 genus
326 3370 572 3451 distingueretur
598 3388 605 3429 :
632 3368 768 3448 primum
795 3374 941 3431 vocatum
962 3375 1009 3431 est

75 3465 179 3527 cultus
194 3464 301 3543 lo-trr'oe,
326 3466 405 3527 alter
419 3465 522 3541 dulice,
545 3482 616 3542 quae
631 3464 767 3526 verbosi
781 3466 867 3526 vocis
881 3473 1009 3545 etymon
