2442 4125
203 292 243 353 80
412 297 746 346 1nsr1rur1oues1on1s
768 295 924 342 csnourcr.

245 448 355 509 Nescio
371 464 410 506 an
426 443 527 505 Graeei
540 442 644 503 adhue
658 439 841 519 hujusmodi
862 438 1065 517 disciplinam
1078 458 1144 500 ser-

205 547 295 616 vent;
312 541 369 603 sed
379 558 451 601 eam
460 538 565 600 adhue
576 540 704 599 servare
713 536 908 598 videnturex
918 535 1000 596 notis
1009 538 1048 595 P.
1061 534 1144 598 Goar

206 640 247 701 ad
265 636 496 714 dunhologium
516 635 708 707 (iratorum,
728 631 783 693 ubi
804 632 952 692 observat
969 632 1060 709 quod
1086 654 1102 689 u
1120 633 1145 692 si

205 736 298 797 venia
317 734 429 812 dignas
448 730 629 809 poenitentis
647 728 756 807 eulpas
776 728 1059 807 deprehenderint,
1077 729 1145 788 nul-

205 834 270 893 lam
284 830 435 892 adhibent
449 826 691 901 absolutionem,
702 824 759 884 sed
770 825 809 885 de
825 825 876 903 pio
890 824 1032 903 quodam
1048 843 1144 903 opere

206 925 380 989 exercendo
396 923 550 985 monitum
564 922 664 982 amine
683 920 857 982 remittunt.
875 921 909 981 Si
926 919 1080 981 lethifera
1082 966 1142 982 .....

207 1021 368 1097 detegunt,
391 1015 447 1076 illa
464 1015 497 1074 in
516 1031 598 1074 nono
623 1030 743 1073 canone
766 1012 858 1091 juxta
882 1014 1046 1090 seposito
1073 1033 1144 1074 exa-

206 1115 338 1189 minant,
369 1128 636 1189 censurarumque
664 1108 863 1185 districtioni,
893 1115 989 1187 prout
1015 1110 1142 1190 legunt,

207 1210 321 1271 ennete
335 1206 515 1288 subjiciunt,
532 1209 563 1267 et
581 1204 712 1267 tandem
730 1204 895 1283 poenitenti
914 1204 998 1264 bene
1011 1223 1144 1284 precan-

207 1310 269 1367 tur.
283 1303 411 1363 Publica
425 1320 500 1363 vero
514 1301 703 1382 poenitentia
716 1300 792 1360 nulli
806 1300 880 1361 lieet
893 1301 1030 1379 amplius
1047 1302 1144 1381 impo-

208 1403 352 1475 natur...‚
368 1398 490 1477 aliquos
509 1402 616 1459 tamen
635 1397 831 1459 confessione
850 1397 994 1475 expiatos
1015 1417 1037 1459 a
1057 1418 1146 1461 saera

207 1494 428 1559 communione
449 1512 506 1573 per
529 1510 648 1554 annum
671 1493 721 1554 vel
745 1493 852 1573 plnres
876 1494 1074 1574 quandoque
1096 1515 1145 1556 ar-

208 1600 291 1659 cent.
308 1619 322 1655 s

248 1692 341 1771 Apud
355 1690 483 1751 Latinos
497 1706 572 1752 vero
588 1708 686 1769 quum
699 1689 851 1750 severitas
866 1700 1027 1750 sanonum
1044 1693 1144 1770 poeni-

208 1786 384 1849 tentialium
397 1791 576 1863 temporum
586 1785 827 1848 circumstantiis
838 1802 901 1846 non
911 1792 995 1845 esset
1009 1788 1143 1866 amplius

208 1883 333 1957 idonea,
351 1882 391 1942 ab
410 1898 520 1942 eorum
539 1898 597 1941 usu
612 1884 894 1962 temperatumest,
918 1882 1021 1943 donee
1036 1884 1141 1959 hodie,

208 1980 282 2041 lieet
300 1976 497 2039 confessariis
517 1978 693 2041 insinuetur
710 1978 802 2041 lentio
823 1980 968 2039 veterum
985 1980 1143 2059 poeniten·

207 2075 329 2138 tialium
343 2078 378 2138 ut
391 2078 523 2138 nosoant
537 2075 622 2155 quali
637 2074 731 2136 modo
746 2093 802 2153 pro
813 2076 965 2137 varietate
975 2077 1143 2137 eriminum

209 2172 380 2251 antiquitus
394 2171 638 2250 procederetur‚'
648 2169 687 2230 de
702 2188 802 2252 eoque
816 2175 967 2232 moneant
984 2172 1142 2250 poeniten·

208 2271 256 2327 tes
279 2270 315 2326 ut
337 2266 504 2326 eriminum
526 2267 690 2327 horrorem
711 2269 743 2327 et
763 2267 1017 2346 magnitudinem
1040 2269 1143 2329 conoi-

209 2362 308 2439 pient,
325 2363 432 2421 tamen
446 2362 703 2440 poenitentiarum
718 2363 875 2441 impositio
895 2362 1044 2442 prudenti
1063 2365 1143 2426 arbi-

209 2457 269 2520 trio
290 2456 472 2517 confessarii
490 2459 659 2522 remittitur
678 2459 759 2540 (oap.
780 2476 837 2522 v111
857 2461 897 2522 de
916 2461 1028 2541 poenit.
1046 2464 1139 2525 Cone.

210 2551 295 2613 Trid.
312 2569 388 2613 sess.
406 2554 486 2618 XIV.
503 2572 571 2634 esp.
590 2571 661 2632 v111‚
676 2554 719 2634 9).

580 2720 613 2762 De
623 2719 776 2776 indutomtiir.

250 2840 301 2902 VI.
318 2841 344 2900 N
347 2857 387 2900 on
402 2857 477 2901 vero
491 2842 614 2901 tantum
627 2840 759 2922 ligandi,
770 2841 827 2902 sed
837 2848 869 2902 et
882 2842 1027 2904 solvendi
1041 2848 1142 2923 potes-

209 2939 256 2999 tas
271 2937 418 3000 Eeelesiae
434 2955 583 2999 concessa
598 2940 656 3014 est,
672 2939 805 3017 proinde
824 2940 936 3001 eadem
954 2943 1141 3011 auctoritate

210 3051 274 3112 qua
286 3051 397 3112 poenas
416 3053 473 3096 seu
492 3033 693 3113 poenitentias
710 3054 767 3113 pro
786 3036 925 3116 pereatis
941 3036 1077 3099 luendas
1097 3039 1142 3098 in-

100 3205 102 3208 ·
209 3127 298 3206 fligit,
323 3146 437 3208 easque
459 3148 517 3191 sua
537 3131 705 3208 prudentia
728 3133 926 3210 moderatur,
950 3133 996 3194 ite
1020 3134 1060 3195 de
1084 3135 1140 3194 illis

209 3223 311 3301 poenis
332 3223 450 3302 aliquid
471 3226 643 3304 remittere,
662 3227 713 3288 vel
730 3228 906 3309 indulgere,
927 3229 978 3289 vel
999 3230 1141 3291 relaxare

209 3322 322 3399 potest,
339 3320 426 3380 salua
440 3323 626 3385 sacrementi
642 3327 765 3386 natura.
779 3325 931 3387 Remissio
946 3344 1050 3406 poenae
1065 3333 1140 3388 tem·

209 3416 325 3495 poralis
347 3415 397 3476 eui
416 3415 552 3495 ligamur
570 3437 677 3481 eoram
697 3423 773 3497 Deo,
790 3422 920 3483 dimissa
938 3422 1034 3484 etiam
1049 3425 1141 3503 eulpa

210 3515 241 3573 et
254 3529 349 3590 poena
364 3513 493 3574 externa
506 3531 562 3592 per
576 3522 809 3577 sacramentum
823 3517 1029 3598 poenitentiae,
1043 3519 1140 3581 indut-
