<?xml version="1.0" encoding="UTF-8"?>
<!DOCTYPE html PUBLIC "-//W3C//DTD XHTML 1.0 Transitional//EN"
    "http://www.w3.org/TR/xhtml1/DTD/xhtml1-transitional.dtd">
<html xmlns="http://www.w3.org/1999/xhtml" xml:lang="en" lang="en">
 <head>
  <title>
</title>
<meta http-equiv="Content-Type" content="text/html;charset=utf-8" />
  <meta name='ocr-system' content='tesseract 3.04.00' />
  <meta name='ocr-capabilities' content='ocr_page ocr_carea ocr_par ocr_line ocrx_word'/>
</head>
<body>
  <div class='ocr_page' id='page_1' title='image "./institutionesju04marigoog_0060.png"; bbox 0 0 2442 4125; ppageno 0'>
   <div class='ocr_carea' id='block_1_1' title="bbox 166 270 885 331">
    <p class='ocr_par' dir='ltr' id='par_1_1' title="bbox 166 270 885 331">
     <span class='ocr_line' id='line_1_1' title="bbox 166 270 885 331; baseline -0.011 0"><span class='ocrx_word' id='word_1_1' title='bbox 166 270 206 331; x_wconf 78' lang='grc'><strong>18</strong></span> <span class='ocrx_word' id='word_1_2' title='bbox 374 275 602 325; x_wconf 80' lang='lat' dir='ltr'><strong>1usu1ruusouss</strong></span> <span class='ocrx_word' id='word_1_3' title='bbox 623 276 706 323; x_wconf 80' lang='lat' dir='ltr'><strong>rmus</strong></span> <span class='ocrx_word' id='word_1_4' title='bbox 727 276 885 323; x_wconf 79' lang='lat' dir='ltr'><strong>usuouim.</strong></span> 
     </span>
    </p>
   </div>
   <div class='ocr_carea' id='block_1_2' title="bbox 167 423 1103 509">
    <p class='ocr_par' dir='ltr' id='par_1_2' title="bbox 167 423 1103 509">
     <span class='ocr_line' id='line_1_2' title="bbox 167 423 1103 509; baseline -0.006 -17"><span class='ocrx_word' id='word_1_5' title='bbox 167 426 318 509; x_wconf 85' lang='lat' dir='ltr'><strong>temporis</strong></span> <span class='ocrx_word' id='word_1_6' title='bbox 338 426 391 487; x_wconf 89' lang='lat' dir='ltr'><strong>illa</strong></span> <span class='ocrx_word' id='word_1_7' title='bbox 410 424 557 487; x_wconf 89' lang='lat' dir='ltr'><strong>solemnis</strong></span> <span class='ocrx_word' id='word_1_8' title='bbox 578 423 695 485; x_wconf 87' lang='lat' dir='ltr'><strong>oblatio</strong></span> <span class='ocrx_word' id='word_1_9' title='bbox 714 424 806 503; x_wconf 87' lang='lat' dir='ltr'><strong>panis</strong></span> <span class='ocrx_word' id='word_1_10' title='bbox 820 426 851 485; x_wconf 94' lang='lat' dir='ltr'><strong>et</strong></span> <span class='ocrx_word' id='word_1_11' title='bbox 865 424 931 485; x_wconf 84' lang='lat' dir='ltr'><strong>vini</strong></span> <span class='ocrx_word' id='word_1_12' title='bbox 951 423 1103 502; x_wconf 85' lang='lat' dir='ltr'><strong>defuerit,</strong></span> 
     </span>
    </p>
   </div>
   <div class='ocr_carea' id='block_1_3' title="bbox 168 520 1114 1178">
    <p class='ocr_par' dir='ltr' id='par_1_3' title="bbox 168 520 1114 1178">
     <span class='ocr_line' id='line_1_3' title="bbox 168 520 1108 599; baseline -0.004 -11"><span class='ocrx_word' id='word_1_13' title='bbox 168 544 238 588; x_wconf 89' lang='lat' dir='ltr'><strong>mos</strong></span> <span class='ocrx_word' id='word_1_14' title='bbox 250 522 465 585; x_wconf 87' lang='lat' dir='ltr'><strong>increbescere</strong></span> <span class='ocrx_word' id='word_1_15' title='bbox 484 520 579 599; x_wconf 76' lang='lat' dir='ltr'><strong>caepit</strong></span> <span class='ocrx_word' id='word_1_16' title='bbox 591 520 744 582; x_wconf 80' lang='lat' dir='ltr'><strong>offerendi</strong></span> <span class='ocrx_word' id='word_1_17' title='bbox 757 537 814 598; x_wconf 89' lang='lat' dir='ltr'><strong>pro</strong></span> <span class='ocrx_word' id='word_1_18' title='bbox 834 521 1002 582; x_wconf 86' lang='lat' dir='ltr'><strong>Missarum</strong></span> <span class='ocrx_word' id='word_1_19' title='bbox 1021 523 1108 583; x_wconf 89' lang='lat' dir='ltr'><strong>cele-</strong></span> 
     </span>
     <span class='ocr_line' id='line_1_4' title="bbox 168 615 1108 698; baseline -0.002 -15"><span class='ocrx_word' id='word_1_20' title='bbox 168 620 312 684; x_wconf 90' lang='lat' dir='ltr'><strong>bratione</strong></span> <span class='ocrx_word' id='word_1_21' title='bbox 333 617 460 698; x_wconf 80' lang='lat' dir='ltr'>aliquod</span> <span class='ocrx_word' id='word_1_22' title='bbox 480 615 672 696; x_wconf 80' lang='lat' dir='ltr'>stipendium</span> <span class='ocrx_word' id='word_1_23' title='bbox 685 619 720 679; x_wconf 95' lang='lat' dir='ltr'><strong>ut</strong></span> <span class='ocrx_word' id='word_1_24' title='bbox 731 616 816 679; x_wconf 90' lang='lat' dir='ltr'><strong>illius</strong></span> <span class='ocrx_word' id='word_1_25' title='bbox 835 616 967 696; x_wconf 77' lang='lat' dir='ltr'><strong>largitor</strong></span> <span class='ocrx_word' id='word_1_26' title='bbox 986 618 1108 681; x_wconf 79' lang='lat' dir='ltr'><strong>erube</strong></span> 
     </span>
     <span class='ocr_line' id='line_1_5' title="bbox 169 712 1107 792; baseline -0.002 -13"><span class='ocrx_word' id='word_1_27' title='bbox 169 719 293 779; x_wconf 82' lang='lat' dir='ltr'><strong>rentem</strong></span> <span class='ocrx_word' id='word_1_28' title='bbox 319 713 464 777; x_wconf 84' lang='lat' dir='ltr'><strong>sacrificii</strong></span> <span class='ocrx_word' id='word_1_29' title='bbox 489 712 626 775; x_wconf 85' lang='lat' dir='ltr'><strong>fructum</strong></span> <span class='ocrx_word' id='word_1_30' title='bbox 648 713 681 773; x_wconf 89' lang='lat' dir='ltr'><strong>in</strong></span> <span class='ocrx_word' id='word_1_31' title='bbox 704 731 737 773; x_wconf 89' lang='lat' dir='ltr'><strong>se</strong></span> <span class='ocrx_word' id='word_1_32' title='bbox 758 712 899 792; x_wconf 91' lang='lat' dir='ltr'><strong>aliosque</strong></span> <span class='ocrx_word' id='word_1_33' title='bbox 928 714 1107 777; x_wconf 80' lang='lat' dir='ltr'><strong>derivaret.</strong></span> 
     </span>
     <span class='ocr_line' id='line_1_6' title="bbox 171 809 1111 889; baseline -0.003 -12"><span class='ocrx_word' id='word_1_34' title='bbox 171 816 235 877; x_wconf 87' lang='lat' dir='ltr'><strong>Neo</strong></span> <span class='ocrx_word' id='word_1_35' title='bbox 254 817 377 875; x_wconf 90' lang='lat' dir='ltr'><strong>tantum</strong></span> <span class='ocrx_word' id='word_1_36' title='bbox 398 810 525 873; x_wconf 91' lang='lat' dir='ltr'><strong>obolum</strong></span> <span class='ocrx_word' id='word_1_37' title='bbox 540 810 590 871; x_wconf 86' lang='lat' dir='ltr'><strong>vel</strong></span> <span class='ocrx_word' id='word_1_38' title='bbox 604 809 796 889; x_wconf 81' lang='lat' dir='ltr'><strong>stipendium</strong></span> <span class='ocrx_word' id='word_1_39' title='bbox 813 811 990 872; x_wconf 82' lang='lat' dir='ltr'><strong>offerebant</strong></span> <span class='ocrx_word' id='word_1_40' title='bbox 1010 813 1111 875; x_wconf 90' lang='lat' dir='ltr'><strong>toties</strong></span> 
     </span>
     <span class='ocr_line' id='line_1_7' title="bbox 171 904 1113 993; baseline -0.005 -20"><span class='ocrx_word' id='word_1_41' title='bbox 171 911 294 993; x_wconf 89' lang='lat' dir='ltr'><strong>quoties</strong></span> <span class='ocrx_word' id='word_1_42' title='bbox 307 909 403 973; x_wconf 85' lang='lat' dir='ltr'><strong>Missa</strong></span> <span class='ocrx_word' id='word_1_43' title='bbox 411 908 492 969; x_wconf 84' lang='lat' dir='ltr'><strong>foret</strong></span> <span class='ocrx_word' id='word_1_44' title='bbox 501 904 702 979; x_wconf 87' lang='lat' dir='ltr'><strong>celebranda,</strong></span> <span class='ocrx_word' id='word_1_45' title='bbox 713 905 769 967; x_wconf 90' lang='lat' dir='ltr'><strong>sed</strong></span> <span class='ocrx_word' id='word_1_46' title='bbox 784 906 954 987; x_wconf 90' lang='lat' dir='ltr'><strong>aliquando</strong></span> <span class='ocrx_word' id='word_1_47' title='bbox 969 907 1113 969; x_wconf 84' lang='lat' dir='ltr'><strong>fundum</strong></span> 
     </span>
     <span class='ocr_line' id='line_1_8' title="bbox 172 1000 1114 1089; baseline -0.005 -19"><span class='ocrx_word' id='word_1_48' title='bbox 172 1009 310 1089; x_wconf 85' lang='lat' dir='ltr'><strong>aliquem</strong></span> <span class='ocrx_word' id='word_1_49' title='bbox 324 1003 529 1084; x_wconf 80' lang='lat' dir='ltr'><strong>assignabant</strong></span> <span class='ocrx_word' id='word_1_50' title='bbox 542 1004 577 1064; x_wconf 95' lang='lat' dir='ltr'><strong>ut</strong></span> <span class='ocrx_word' id='word_1_51' title='bbox 590 1020 629 1062; x_wconf 85' lang='lat' dir='ltr'><strong>ex</strong></span> <span class='ocrx_word' id='word_1_52' title='bbox 643 1000 712 1081; x_wconf 87' lang='lat' dir='ltr'><strong>ejus</strong></span> <span class='ocrx_word' id='word_1_53' title='bbox 724 1002 900 1065; x_wconf 82' lang='lat' dir='ltr'><strong>redditibus</strong></span> <span class='ocrx_word' id='word_1_54' title='bbox 914 1005 1021 1063; x_wconf 88' lang='lat' dir='ltr'><strong>certus</strong></span> <span class='ocrx_word' id='word_1_55' title='bbox 1035 1004 1114 1065; x_wconf 71' lang='lat' dir='ltr'><strong>Mis</strong></span> 
     </span>
     <span class='ocr_line' id='line_1_9' title="bbox 172 1098 1114 1178; baseline -0.006 -12"><span class='ocrx_word' id='word_1_56' title='bbox 172 1121 279 1166; x_wconf 90' lang='lat' dir='ltr'><strong>sarum</strong></span> <span class='ocrx_word' id='word_1_57' title='bbox 311 1118 460 1162; x_wconf 88' lang='lat' dir='ltr'><strong>numerus</strong></span> <span class='ocrx_word' id='word_1_58' title='bbox 483 1100 515 1159; x_wconf 91' lang='lat' dir='ltr'><strong>in</strong></span> <span class='ocrx_word' id='word_1_59' title='bbox 539 1099 727 1177; x_wconf 88' lang='lat' dir='ltr'><strong>perpetuum</strong></span> <span class='ocrx_word' id='word_1_60' title='bbox 757 1098 981 1160; x_wconf 86' lang='lat' dir='ltr'><strong>celebraretur.</strong></span> <span class='ocrx_word' id='word_1_61' title='bbox 1009 1100 1114 1178; x_wconf 84' lang='lat' dir='ltr'><strong>Atqui</strong></span> 
     </span>
    </p>
   </div>
   <div class='ocr_carea' id='block_1_4' title="bbox 173 1194 1214 1276">
    <p class='ocr_par' dir='ltr' id='par_1_4' title="bbox 173 1194 1214 1276">
     <span class='ocr_line' id='line_1_10' title="bbox 173 1194 1214 1276; baseline -0.009 -13"><span class='ocrx_word' id='word_1_62' title='bbox 173 1204 262 1264; x_wconf 86' lang='lat' dir='ltr'><strong>vetus</strong></span> <span class='ocrx_word' id='word_1_63' title='bbox 275 1198 329 1261; x_wconf 90' lang='lat' dir='ltr'><strong>illa</strong></span> <span class='ocrx_word' id='word_1_64' title='bbox 343 1196 508 1276; x_wconf 88' lang='lat' dir='ltr'><strong>disciplina</strong></span> <span class='ocrx_word' id='word_1_65' title='bbox 520 1194 698 1257; x_wconf 84' lang='lat' dir='ltr'><strong>rationabili</strong></span> <span class='ocrx_word' id='word_1_66' title='bbox 714 1197 745 1256; x_wconf 90' lang='lat' dir='ltr'><strong>et</strong></span> <span class='ocrx_word' id='word_1_67' title='bbox 759 1194 819 1272; x_wconf 83' lang='lat' dir='ltr'><strong>piae</strong></span> <span class='ocrx_word' id='word_1_68' title='bbox 832 1194 1039 1257; x_wconf 87' lang='lat' dir='ltr'><strong>fundatorum</strong></span> <span class='ocrx_word' id='word_1_69' title='bbox 1055 1214 1117 1257; x_wconf 87' lang='lat' dir='ltr'><strong>vo·</strong></span> <span class='ocrx_word' id='word_1_70' title='bbox 1213 1203 1214 1208; x_wconf 76' lang='grc'>’</span> 
     </span>
    </p>
   </div>
   <div class='ocr_carea' id='block_1_5' title="bbox 172 1290 1118 1566">
    <p class='ocr_par' dir='ltr' id='par_1_5' title="bbox 172 1290 1118 1566">
     <span class='ocr_line' id='line_1_11' title="bbox 172 1290 1118 1370; baseline -0.007 -11"><span class='ocrx_word' id='word_1_71' title='bbox 172 1294 287 1359; x_wconf 87' lang='lat' dir='ltr'><strong>luntati</strong></span> <span class='ocrx_word' id='word_1_72' title='bbox 313 1293 492 1365; x_wconf 84' lang='lat' dir='ltr'><strong>satisfacere</strong></span> <span class='ocrx_word' id='word_1_73' title='bbox 519 1309 582 1353; x_wconf 94' lang='lat' dir='ltr'><strong>non</strong></span> <span class='ocrx_word' id='word_1_74' title='bbox 610 1292 758 1369; x_wconf 86' lang='lat' dir='ltr'><strong>poterat:</strong></span> <span class='ocrx_word' id='word_1_75' title='bbox 788 1308 864 1370; x_wconf 78' lang='lat' dir='ltr'><strong>ergo</strong></span> <span class='ocrx_word' id='word_1_76' title='bbox 891 1291 1011 1351; x_wconf 91' lang='lat' dir='ltr'><strong>sensim</strong></span> <span class='ocrx_word' id='word_1_77' title='bbox 1038 1290 1118 1352; x_wconf 89' lang='lat' dir='ltr'><strong>sine</strong></span> 
     </span>
     <span class='ocr_line' id='line_1_12' title="bbox 174 1384 1118 1466; baseline -0.006 -11"><span class='ocrx_word' id='word_1_78' title='bbox 174 1410 267 1455; x_wconf 87' lang='lat' dir='ltr'><strong>sensu</strong></span> <span class='ocrx_word' id='word_1_79' title='bbox 282 1390 400 1451; x_wconf 85' lang='lat' dir='ltr'><strong>factum</strong></span> <span class='ocrx_word' id='word_1_80' title='bbox 414 1391 462 1449; x_wconf 86' lang='lat' dir='ltr'><strong>est</strong></span> <span class='ocrx_word' id='word_1_81' title='bbox 477 1393 510 1448; x_wconf 88' lang='lat' dir='ltr'><strong>ut</strong></span> <span class='ocrx_word' id='word_1_82' title='bbox 523 1385 639 1466; x_wconf 80' lang='lat' dir='ltr'><strong>singuli</strong></span> <span class='ocrx_word' id='word_1_83' title='bbox 655 1385 835 1448; x_wconf 84' lang='lat' dir='ltr'><strong>sacerdotes</strong></span> <span class='ocrx_word' id='word_1_84' title='bbox 848 1384 980 1465; x_wconf 81' lang='lat' dir='ltr'><strong>siugulis</strong></span> <span class='ocrx_word' id='word_1_85' title='bbox 994 1385 1118 1449; x_wconf 87' lang='lat' dir='ltr'><strong>diebus</strong></span> 
     </span>
     <span class='ocr_line' id='line_1_13' title="bbox 174 1483 544 1566; baseline -0.014 -20"><span class='ocrx_word' id='word_1_86' title='bbox 174 1485 323 1566; x_wconf 82' lang='lat' dir='ltr'><strong>privatim</strong></span> <span class='ocrx_word' id='word_1_87' title='bbox 338 1483 544 1546; x_wconf 87' lang='lat' dir='ltr'><strong>celebrarent.</strong></span> 
     </span>
    </p>
   </div>
   <div class='ocr_carea' id='block_1_6' title="bbox 216 1576 1215 1656">
    <p class='ocr_par' dir='ltr' id='par_1_6' title="bbox 216 1576 1215 1656">
     <span class='ocr_line' id='line_1_14' title="bbox 216 1576 1215 1656; baseline -0.005 -13"><span class='ocrx_word' id='word_1_88' title='bbox 216 1581 279 1643; x_wconf 89' lang='lat' dir='ltr'><strong>Sed</strong></span> <span class='ocrx_word' id='word_1_89' title='bbox 294 1597 357 1642; x_wconf 91' lang='lat' dir='ltr'><strong>non</strong></span> <span class='ocrx_word' id='word_1_90' title='bbox 371 1578 442 1641; x_wconf 86' lang='lat' dir='ltr'><strong>ideo</strong></span> <span class='ocrx_word' id='word_1_91' title='bbox 461 1576 625 1641; x_wconf 80' lang='lat' dir='ltr'><strong>abolenda</strong></span> <span class='ocrx_word' id='word_1_92' title='bbox 647 1583 738 1638; x_wconf 89' lang='lat' dir='ltr'><strong>erant</strong></span> <span class='ocrx_word' id='word_1_93' title='bbox 751 1576 853 1639; x_wconf 78' lang='lat' dir='ltr'><strong>Missa</strong></span> <span class='ocrx_word' id='word_1_94' title='bbox 871 1576 1027 1656; x_wconf 84' lang='lat' dir='ltr'><strong>publicae:</strong></span> <span class='ocrx_word' id='word_1_95' title='bbox 1043 1577 1118 1639; x_wconf 92' lang='lat' dir='ltr'><strong>imo</strong></span> <span class='ocrx_word' id='word_1_96' title='bbox 1214 1593 1215 1612; x_wconf 47' lang='lat' dir='ltr'><strong>l</strong></span> 
     </span>
    </p>
   </div>
   <div class='ocr_carea' id='block_1_7' title="bbox 176 1672 1116 1751">
    <p class='ocr_par' dir='ltr' id='par_1_7' title="bbox 176 1672 1116 1751">
     <span class='ocr_line' id='line_1_15' title="bbox 176 1672 1116 1751; baseline -0.002 -14"><span class='ocrx_word' id='word_1_97' title='bbox 176 1677 217 1737; x_wconf 92' lang='lat' dir='ltr'><strong>ad</strong></span> <span class='ocrx_word' id='word_1_98' title='bbox 232 1677 379 1737; x_wconf 88' lang='lat' dir='ltr'><strong>decorem</strong></span> <span class='ocrx_word' id='word_1_99' title='bbox 393 1676 510 1737; x_wconf 87' lang='lat' dir='ltr'><strong>rituum</strong></span> <span class='ocrx_word' id='word_1_100' title='bbox 525 1690 698 1750; x_wconf 87' lang='lat' dir='ltr'><strong>sacrorum,</strong></span> <span class='ocrx_word' id='word_1_101' title='bbox 715 1673 757 1734; x_wconf 89' lang='lat' dir='ltr'><strong>ad</strong></span> <span class='ocrx_word' id='word_1_102' title='bbox 772 1673 938 1736; x_wconf 86' lang='lat' dir='ltr'><strong>utilitatem</strong></span> <span class='ocrx_word' id='word_1_103' title='bbox 951 1672 1116 1751; x_wconf 85' lang='lat' dir='ltr'><strong>fidelium,</strong></span> 
     </span>
    </p>
   </div>
   <div class='ocr_carea' id='block_1_8' title="bbox 174 1768 1216 1849">
    <p class='ocr_par' dir='ltr' id='par_1_8' title="bbox 174 1768 1216 1849">
     <span class='ocr_line' id='line_1_16' title="bbox 174 1768 1216 1849; baseline 0.001 -16"><span class='ocrx_word' id='word_1_104' title='bbox 174 1771 215 1833; x_wconf 94' lang='lat' dir='ltr'><strong>ad</strong></span> <span class='ocrx_word' id='word_1_105' title='bbox 237 1770 324 1833; x_wconf 85' lang='lat' dir='ltr'><strong>velut</strong></span> <span class='ocrx_word' id='word_1_106' title='bbox 345 1770 512 1849; x_wconf 81' lang='lat' dir='ltr'><strong>vestigium</strong></span> <span class='ocrx_word' id='word_1_107' title='bbox 534 1769 651 1831; x_wconf 86' lang='lat' dir='ltr'><strong>veteris</strong></span> <span class='ocrx_word' id='word_1_108' title='bbox 674 1768 863 1848; x_wconf 82' lang='lat' dir='ltr'><strong>disciplinae,</strong></span> <span class='ocrx_word' id='word_1_109' title='bbox 884 1768 989 1830; x_wconf 87' lang='lat' dir='ltr'><strong>adbuc</strong></span> <span class='ocrx_word' id='word_1_110' title='bbox 1013 1768 1121 1831; x_wconf 93' lang='lat' dir='ltr'><strong>hodie</strong></span> <span class='ocrx_word' id='word_1_111' title='bbox 1215 1781 1216 1834; x_wconf 81' lang='grc'><strong>1</strong></span> 
     </span>
    </p>
   </div>
   <div class='ocr_carea' id='block_1_9' title="bbox 175 1864 1121 2038">
    <p class='ocr_par' dir='ltr' id='par_1_9' title="bbox 175 1864 1121 2038">
     <span class='ocr_line' id='line_1_17' title="bbox 175 1864 1121 1944; baseline -0.001 -15"><span class='ocrx_word' id='word_1_112' title='bbox 175 1866 277 1929; x_wconf 81' lang='lat' dir='ltr'><strong>Missae</strong></span> <span class='ocrx_word' id='word_1_113' title='bbox 301 1865 456 1927; x_wconf 86' lang='lat' dir='ltr'><strong>solemnes</strong></span> <span class='ocrx_word' id='word_1_114' title='bbox 479 1864 678 1927; x_wconf 86' lang='lat' dir='ltr'><strong>celebrantur</strong></span> <span class='ocrx_word' id='word_1_115' title='bbox 701 1884 774 1928; x_wconf 91' lang='lat' dir='ltr'><strong>cum</strong></span> <span class='ocrx_word' id='word_1_116' title='bbox 794 1869 889 1927; x_wconf 90' lang='lat' dir='ltr'><strong>cantu</strong></span> <span class='ocrx_word' id='word_1_117' title='bbox 913 1867 945 1926; x_wconf 91' lang='lat' dir='ltr'><strong>et</strong></span> <span class='ocrx_word' id='word_1_118' title='bbox 963 1864 1121 1944; x_wconf 91' lang='lat' dir='ltr'><strong>pluribus</strong></span> 
     </span>
     <span class='ocr_line' id='line_1_18' title="bbox 175 1958 1121 2038; baseline -0.003 -15"><span class='ocrx_word' id='word_1_119' title='bbox 175 1958 336 2038; x_wconf 87' lang='lat' dir='ltr'><strong>ministris,</strong></span> <span class='ocrx_word' id='word_1_120' title='bbox 353 1960 499 2023; x_wconf 87' lang='lat' dir='ltr'><strong>videlicet</strong></span> <span class='ocrx_word' id='word_1_121' title='bbox 522 1959 655 2022; x_wconf 90' lang='lat' dir='ltr'><strong>diacono</strong></span> <span class='ocrx_word' id='word_1_122' title='bbox 679 1964 711 2024; x_wconf 91' lang='lat' dir='ltr'><strong>et</strong></span> <span class='ocrx_word' id='word_1_123' title='bbox 734 1961 943 2036; x_wconf 90' lang='lat' dir='ltr'><strong>subdiacono,</strong></span> <span class='ocrx_word' id='word_1_124' title='bbox 960 1960 1013 2022; x_wconf 84' lang='lat' dir='ltr'><strong>vel</strong></span> <span class='ocrx_word' id='word_1_125' title='bbox 1036 1978 1121 2021; x_wconf 88' lang='lat' dir='ltr'><strong>oum</strong></span> 
     </span>
    </p>
   </div>
   <div class='ocr_carea' id='block_1_10' title="bbox 176 2047 1217 2137">
    <p class='ocr_par' dir='ltr' id='par_1_10' title="bbox 176 2047 1217 2137">
     <span class='ocr_line' id='line_1_19' title="bbox 176 2047 1217 2137; baseline -0.004 -15"><span class='ocrx_word' id='word_1_126' title='bbox 176 2062 270 2124; x_wconf 90' lang='lat' dir='ltr'><strong>cantu</strong></span> <span class='ocrx_word' id='word_1_127' title='bbox 284 2062 418 2137; x_wconf 88' lang='lat' dir='ltr'><strong>tantum,</strong></span> <span class='ocrx_word' id='word_1_128' title='bbox 430 2057 487 2121; x_wconf 87' lang='lat' dir='ltr'><strong>sad</strong></span> <span class='ocrx_word' id='word_1_129' title='bbox 501 2058 568 2121; x_wconf 90' lang='lat' dir='ltr'><strong>sine</strong></span> <span class='ocrx_word' id='word_1_130' title='bbox 583 2056 733 2118; x_wconf 91' lang='lat' dir='ltr'><strong>ministris</strong></span> <span class='ocrx_word' id='word_1_131' title='bbox 747 2057 854 2119; x_wconf 86' lang='lat' dir='ltr'><strong>sacris.</strong></span> <span class='ocrx_word' id='word_1_132' title='bbox 867 2059 908 2119; x_wconf 79' lang='lat' dir='ltr'><strong>At</strong></span> <span class='ocrx_word' id='word_1_133' title='bbox 916 2047 1033 2118; x_wconf 85' lang='lat' dir='ltr'><strong>veteris</strong></span> <span class='ocrx_word' id='word_1_134' title='bbox 1047 2055 1122 2118; x_wconf 88' lang='lat' dir='ltr'><strong>dis·</strong></span> <span class='ocrx_word' id='word_1_135' title='bbox 1216 2057 1217 2087; x_wconf 78' lang='lat'><em>³</em></span> 
     </span>
    </p>
   </div>
   <div class='ocr_carea' id='block_1_11' title="bbox 143 2150 1124 3567">
    <p class='ocr_par' dir='ltr' id='par_1_11' title="bbox 176 2150 1122 2882">
     <span class='ocr_line' id='line_1_20' title="bbox 176 2150 1122 2235; baseline -0.003 -19"><span class='ocrx_word' id='word_1_136' title='bbox 176 2154 298 2235; x_wconf 81' lang='lat' dir='ltr'><strong>ciplinae</strong></span> <span class='ocrx_word' id='word_1_137' title='bbox 321 2155 490 2235; x_wconf 79' lang='lat' dir='ltr'><strong>vestigium</strong></span> <span class='ocrx_word' id='word_1_138' title='bbox 514 2152 711 2233; x_wconf 90' lang='lat' dir='ltr'><strong>potissimum</strong></span> <span class='ocrx_word' id='word_1_139' title='bbox 733 2151 836 2214; x_wconf 89' lang='lat' dir='ltr'><strong>elucet</strong></span> <span class='ocrx_word' id='word_1_140' title='bbox 854 2151 887 2213; x_wconf 94' lang='lat' dir='ltr'><strong>in</strong></span> <span class='ocrx_word' id='word_1_141' title='bbox 908 2150 1007 2213; x_wconf 86' lang='lat' dir='ltr'><strong>Missis</strong></span> <span class='ocrx_word' id='word_1_142' title='bbox 1030 2168 1122 2229; x_wconf 86' lang='lat' dir='ltr'><strong>quas</strong></span> 
     </span>
     <span class='ocr_line' id='line_1_21' title="bbox 177 2247 1118 2327; baseline -0.004 -16"><span class='ocrx_word' id='word_1_143' title='bbox 177 2251 412 2311; x_wconf 78' lang='lat' dir='ltr'><strong>cathedralibus</strong></span> <span class='ocrx_word' id='word_1_144' title='bbox 427 2250 565 2310; x_wconf 87' lang='lat' dir='ltr'><strong>ecclesiis</strong></span> <span class='ocrx_word' id='word_1_145' title='bbox 580 2248 741 2310; x_wconf 89' lang='lat' dir='ltr'><strong>celebrant</strong></span> <span class='ocrx_word' id='word_1_146' title='bbox 759 2248 899 2327; x_wconf 80' lang='lat' dir='ltr'><strong>episcopi</strong></span> <span class='ocrx_word' id='word_1_147' title='bbox 912 2247 1118 2324; x_wconf 87' lang='lat' dir='ltr'><strong>solemniter,</strong></span> 
     </span>
     <span class='ocr_line' id='line_1_22' title="bbox 177 2330 1121 2419; baseline -0.001 -14"><span class='ocrx_word' id='word_1_148' title='bbox 177 2344 232 2405; x_wconf 91' lang='lat' dir='ltr'><strong>ubi</strong></span> <span class='ocrx_word' id='word_1_149' title='bbox 248 2343 322 2405; x_wconf 91' lang='lat' dir='ltr'><strong>lioet</strong></span> <span class='ocrx_word' id='word_1_150' title='bbox 339 2343 443 2404; x_wconf 92' lang='lat' dir='ltr'><strong>adhuc</strong></span> <span class='ocrx_word' id='word_1_151' title='bbox 455 2330 578 2405; x_wconf 80' lang='lat' dir='ltr'><strong>&#39;intueri</strong></span> <span class='ocrx_word' id='word_1_152' title='bbox 601 2345 721 2406; x_wconf 85' lang='lat' dir='ltr'><strong>clerum</strong></span> <span class='ocrx_word' id='word_1_153' title='bbox 743 2343 999 2405; x_wconf 82' lang='lat' dir='ltr'><strong>circumstantem</strong></span> <span class='ocrx_word' id='word_1_154' title='bbox 1015 2339 1121 2419; x_wconf 83' lang='lat' dir='ltr'><strong>juxta</strong></span> 
     </span>
     <span class='ocr_line' id='line_1_23' title="bbox 177 2437 1122 2507; baseline -0.002 -6"><span class='ocrx_word' id='word_1_155' title='bbox 177 2438 281 2501; x_wconf 83' lang='lat' dir='ltr'><strong>varios</strong></span> <span class='ocrx_word' id='word_1_156' title='bbox 296 2438 421 2498; x_wconf 88' lang='lat' dir='ltr'><strong>ordines</strong></span> <span class='ocrx_word' id='word_1_157' title='bbox 431 2439 527 2500; x_wconf 88' lang='lat' dir='ltr'><strong>sacris</strong></span> <span class='ocrx_word' id='word_1_158' title='bbox 537 2440 677 2502; x_wconf 85' lang='lat' dir='ltr'><strong>vestibus</strong></span> <span class='ocrx_word' id='word_1_159' title='bbox 692 2439 838 2500; x_wconf 89' lang='lat' dir='ltr'><strong>indutum</strong></span> <span class='ocrx_word' id='word_1_160' title='bbox 848 2444 879 2501; x_wconf 90' lang='lat' dir='ltr'><strong>et</strong></span> <span class='ocrx_word' id='word_1_161' title='bbox 889 2439 985 2507; x_wconf 88' lang='lat' dir='ltr'><strong>variis</strong></span> <span class='ocrx_word' id='word_1_162' title='bbox 996 2437 1122 2499; x_wconf 88' lang='lat' dir='ltr'><strong>officiis</strong></span> 
     </span>
     <span class='ocr_line' id='line_1_24' title="bbox 178 2531 1121 2613; baseline 0 -18"><span class='ocrx_word' id='word_1_163' title='bbox 178 2531 355 2609; x_wconf 88' lang='lat' dir='ltr'><strong>subditum,</strong></span> <span class='ocrx_word' id='word_1_164' title='bbox 379 2532 432 2594; x_wconf 91' lang='lat' dir='ltr'><strong>ubi</strong></span> <span class='ocrx_word' id='word_1_165' title='bbox 459 2533 533 2595; x_wconf 89' lang='lat' dir='ltr'><strong>licat</strong></span> <span class='ocrx_word' id='word_1_166' title='bbox 560 2534 663 2596; x_wconf 89' lang='lat' dir='ltr'><strong>adhuc</strong></span> <span class='ocrx_word' id='word_1_167' title='bbox 686 2534 796 2594; x_wconf 89' lang='lat' dir='ltr'><strong>audire</strong></span> <span class='ocrx_word' id='word_1_168' title='bbox 819 2535 1001 2613; x_wconf 90' lang='lat' dir='ltr'><strong>episcopum</strong></span> <span class='ocrx_word' id='word_1_169' title='bbox 1025 2533 1121 2595; x_wconf 86' lang='lat' dir='ltr'><strong>inter</strong></span> 
     </span>
     <span class='ocr_line' id='line_1_25' title="bbox 179 2625 1121 2706; baseline 0.002 -20"><span class='ocrx_word' id='word_1_170' title='bbox 179 2625 343 2694; x_wconf 85' lang='lat' dir='ltr'><strong>Missarum</strong></span> <span class='ocrx_word' id='word_1_171' title='bbox 363 2626 515 2688; x_wconf 87' lang='lat' dir='ltr'><strong>solemnia</strong></span> <span class='ocrx_word' id='word_1_172' title='bbox 536 2627 748 2706; x_wconf 89' lang='lat' dir='ltr'><strong>alloquentem</strong></span> <span class='ocrx_word' id='word_1_173' title='bbox 772 2626 940 2705; x_wconf 89' lang='lat' dir='ltr'><strong>populum,</strong></span> <span class='ocrx_word' id='word_1_174' title='bbox 962 2628 1121 2706; x_wconf 86' lang='lat' dir='ltr'><strong>quamvis</strong></span> 
     </span>
     <span class='ocr_line' id='line_1_26' title="bbox 178 2722 1121 2803; baseline -0.001 -18"><span class='ocrx_word' id='word_1_175' title='bbox 178 2725 356 2786; x_wconf 88' lang='lat' dir='ltr'><strong>commuuio</strong></span> <span class='ocrx_word' id='word_1_176' title='bbox 379 2723 487 2803; x_wconf 92' lang='lat' dir='ltr'><strong>populi</strong></span> <span class='ocrx_word' id='word_1_177' title='bbox 509 2723 611 2784; x_wconf 84' lang='lat' dir='ltr'><strong>rarior</strong></span> <span class='ocrx_word' id='word_1_178' title='bbox 634 2723 784 2798; x_wconf 84' lang='lat' dir='ltr'><strong>evaserit,</strong></span> <span class='ocrx_word' id='word_1_179' title='bbox 801 2741 900 2801; x_wconf 91' lang='lat' dir='ltr'><strong>quum</strong></span> <span class='ocrx_word' id='word_1_180' title='bbox 920 2722 1019 2802; x_wconf 88' lang='lat' dir='ltr'><strong>possit</strong></span> <span class='ocrx_word' id='word_1_181' title='bbox 1039 2722 1121 2784; x_wconf 84' lang='lat' dir='ltr'><strong>aliis</strong></span> 
     </span>
     <span class='ocr_line' id='line_1_27' title="bbox 178 2819 488 2882; baseline -0.006 0"><span class='ocrx_word' id='word_1_182' title='bbox 178 2819 394 2882; x_wconf 87' lang='lat' dir='ltr'><strong>occasionibus</strong></span> <span class='ocrx_word' id='word_1_183' title='bbox 408 2820 488 2880; x_wconf 88' lang='lat' dir='ltr'><strong>fieri.</strong></span> 
     </span>
    </p>

    <p class='ocr_par' dir='ltr' id='par_1_12' title="bbox 143 2913 1122 3372">
     <span class='ocr_line' id='line_1_28' title="bbox 217 2913 1122 2996; baseline 0 -19"><span class='ocrx_word' id='word_1_184' title='bbox 217 2917 369 2979; x_wconf 89' lang='lat' dir='ltr'><strong>Institutis</strong></span> <span class='ocrx_word' id='word_1_185' title='bbox 388 2914 544 2996; x_wconf 90' lang='lat' dir='ltr'><strong>parochiis</strong></span> <span class='ocrx_word' id='word_1_186' title='bbox 565 2913 605 2974; x_wconf 91' lang='lat' dir='ltr'><strong>ad</strong></span> <span class='ocrx_word' id='word_1_187' title='bbox 625 2914 725 2975; x_wconf 91' lang='lat' dir='ltr'><strong>instar</strong></span> <span class='ocrx_word' id='word_1_188' title='bbox 745 2914 983 2993; x_wconf 88' lang='lat' dir='ltr'><strong>episcopatuum</strong></span> <span class='ocrx_word' id='word_1_189' title='bbox 1004 2915 1122 2994; x_wconf 86' lang='lat' dir='ltr'><strong>quoad</strong></span> 
     </span>
     <span class='ocr_line' id='line_1_29' title="bbox 179 3007 1122 3088; baseline 0.002 -18"><span class='ocrx_word' id='word_1_190' title='bbox 179 3017 343 3087; x_wconf 87' lang='lat' dir='ltr'><strong>paternam</strong></span> <span class='ocrx_word' id='word_1_191' title='bbox 357 3009 465 3088; x_wconf 93' lang='lat' dir='ltr'><strong>populi</strong></span> <span class='ocrx_word' id='word_1_192' title='bbox 480 3025 599 3083; x_wconf 89' lang='lat' dir='ltr'><strong>curam,</strong></span> <span class='ocrx_word' id='word_1_193' title='bbox 616 3007 657 3066; x_wconf 88' lang='lat' dir='ltr'><strong>ad</strong></span> <span class='ocrx_word' id='word_1_194' title='bbox 672 3007 770 3068; x_wconf 87' lang='lat' dir='ltr'><strong>instar</strong></span> <span class='ocrx_word' id='word_1_195' title='bbox 785 3007 880 3069; x_wconf 90' lang='lat' dir='ltr'><strong>etiam</strong></span> <span class='ocrx_word' id='word_1_196' title='bbox 894 3007 989 3086; x_wconf 75' lang='lat' dir='ltr'><strong>huius</strong></span> <span class='ocrx_word' id='word_1_197' title='bbox 1007 3007 1122 3072; x_wconf 77' lang='lat' dir='ltr'><strong>Missae</strong></span> 
     </span>
     <span class='ocr_line' id='line_1_30' title="bbox 143 3095 1121 3184; baseline 0.005 -21"><span class='ocrx_word' id='word_1_198' title='bbox 143 3095 146 3100; x_wconf 76' lang='grc'><strong>’</strong></span> <span class='ocrx_word' id='word_1_199' title='bbox 179 3105 327 3165; x_wconf 88' lang='lat' dir='ltr'><strong>solemnis</strong></span> <span class='ocrx_word' id='word_1_200' title='bbox 349 3105 492 3166; x_wconf 89' lang='lat' dir='ltr'><strong>instituta</strong></span> <span class='ocrx_word' id='word_1_201' title='bbox 513 3109 560 3166; x_wconf 87' lang='lat' dir='ltr'><strong>ast</strong></span> <span class='ocrx_word' id='word_1_202' title='bbox 581 3102 670 3164; x_wconf 81' lang='lat' dir='ltr'><strong>Misso</strong></span> <span class='ocrx_word' id='word_1_203' title='bbox 693 3101 886 3183; x_wconf 74' lang='lat' dir='ltr'><strong>paroehialis,</strong></span> <span class='ocrx_word' id='word_1_204' title='bbox 903 3122 974 3184; x_wconf 85' lang='lat' dir='ltr'><strong>quae</strong></span> <span class='ocrx_word' id='word_1_205' title='bbox 998 3103 1121 3168; x_wconf 87' lang='lat' dir='ltr'><strong>diebus</strong></span> 
     </span>
     <span class='ocr_line' id='line_1_31' title="bbox 179 3197 1121 3276; baseline 0.003 -16"><span class='ocrx_word' id='word_1_206' title='bbox 179 3198 343 3260; x_wconf 87' lang='lat' dir='ltr'><strong>dominicis</strong></span> <span class='ocrx_word' id='word_1_207' title='bbox 366 3201 483 3259; x_wconf 88' lang='lat' dir='ltr'><strong>statuta</strong></span> <span class='ocrx_word' id='word_1_208' title='bbox 505 3200 584 3261; x_wconf 88' lang='lat' dir='ltr'><strong>hore</strong></span> <span class='ocrx_word' id='word_1_209' title='bbox 607 3197 785 3259; x_wconf 86' lang='lat' dir='ltr'><strong>celebratur</strong></span> <span class='ocrx_word' id='word_1_210' title='bbox 808 3216 880 3259; x_wconf 91' lang='lat' dir='ltr'><strong>cnm</strong></span> <span class='ocrx_word' id='word_1_211' title='bbox 902 3199 1121 3276; x_wconf 85' lang='lat' dir='ltr'><strong>explicatione</strong></span> 
     </span>
     <span class='ocr_line' id='line_1_32' title="bbox 180 3293 347 3372; baseline 0.006 -18"><span class='ocrx_word' id='word_1_212' title='bbox 180 3293 347 3372; x_wconf 85' lang='lat' dir='ltr'><strong>evangelii.</strong></span> 
     </span>
    </p>

    <p class='ocr_par' dir='ltr' id='par_1_13' title="bbox 180 3389 1124 3567">
     <span class='ocr_line' id='line_1_33' title="bbox 219 3389 1124 3470; baseline 0.007 -19"><span class='ocrx_word' id='word_1_213' title='bbox 219 3392 260 3451; x_wconf 86' lang='lat' dir='ltr'><strong>At</strong></span> <span class='ocrx_word' id='word_1_214' title='bbox 274 3408 372 3470; x_wconf 90' lang='lat' dir='ltr'><strong>quum</strong></span> <span class='ocrx_word' id='word_1_215' title='bbox 386 3389 463 3450; x_wconf 88' lang='lat' dir='ltr'><strong>nihil</strong></span> <span class='ocrx_word' id='word_1_216' title='bbox 477 3393 542 3452; x_wconf 85' lang='lat' dir='ltr'><strong>tam</strong></span> <span class='ocrx_word' id='word_1_217' title='bbox 556 3394 699 3452; x_wconf 88' lang='lat' dir='ltr'><strong>sanctum</strong></span> <span class='ocrx_word' id='word_1_218' title='bbox 713 3391 754 3451; x_wconf 85' lang='lat' dir='ltr'><strong>sit</strong></span> <span class='ocrx_word' id='word_1_219' title='bbox 768 3392 800 3451; x_wconf 95' lang='lat' dir='ltr'><strong>in</strong></span> <span class='ocrx_word' id='word_1_220' title='bbox 814 3390 900 3470; x_wconf 91' lang='lat' dir='ltr'><strong>quod</strong></span> <span class='ocrx_word' id='word_1_221' title='bbox 913 3408 977 3453; x_wconf 89' lang='lat' dir='ltr'><strong>non</strong></span> <span class='ocrx_word' id='word_1_222' title='bbox 992 3393 1124 3470; x_wconf 90' lang='lat' dir='ltr'><strong>possint</strong></span> 
     </span>
     <span class='ocr_line' id='line_1_34' title="bbox 180 3486 1122 3567; baseline 0.002 -17"><span class='ocrx_word' id='word_1_223' title='bbox 180 3489 296 3550; x_wconf 89' lang='lat' dir='ltr'><strong>abusus</strong></span> <span class='ocrx_word' id='word_1_224' title='bbox 316 3488 465 3567; x_wconf 88' lang='lat' dir='ltr'><strong>irrepere,</strong></span> <span class='ocrx_word' id='word_1_225' title='bbox 481 3489 647 3567; x_wconf 90' lang='lat' dir='ltr'><strong>postquam</strong></span> <span class='ocrx_word' id='word_1_226' title='bbox 667 3487 827 3550; x_wconf 87' lang='lat' dir='ltr'><strong>ordinaria</strong></span> <span class='ocrx_word' id='word_1_227' title='bbox 840 3486 925 3550; x_wconf 82' lang='lat' dir='ltr'><strong>taeta</strong></span> <span class='ocrx_word' id='word_1_228' title='bbox 938 3490 987 3550; x_wconf 85' lang='lat' dir='ltr'><strong>est</strong></span> <span class='ocrx_word' id='word_1_229' title='bbox 1001 3489 1122 3553; x_wconf 87' lang='lat' dir='ltr'><strong>Missa-</strong></span> 
     </span>
    </p>
   </div>
   <div class='ocr_carea' id='block_1_12' title="bbox 0 0 1242 4125">
    <p class='ocr_par' dir='ltr' id='par_1_14' title="bbox 0 0 1242 4125">
     <span class='ocr_line' id='line_1_35' title="bbox 0 0 1242 4125; baseline 0 0"><span class='ocrx_word' id='word_1_230' title='bbox 0 0 1242 4125; x_wconf 95' lang='lat' dir='ltr'><strong> </strong></span> 
     </span>
    </p>
   </div>
  </div>
 </body>
</html>
