2442 4125
336 412 376 457 nn
396 412 525 459 omnem
543 412 628 459 rums
649 412 805 459 aaronica
997 404 1036 463 93

94 558 174 640 jura
194 557 404 630 violarentur;
428 575 504 636 ergo
525 557 584 618 nisi
606 556 689 618 servi
712 556 895 619 manumissi
916 558 1034 637 forent,

98 656 153 717 vel
168 649 313 716 dominns
332 653 459 713 illorum
480 654 670 715 ordinationi
692 654 911 731 consensisset,
927 674 1036 717 servos

98 766 166 809 non
191 745 371 819 ordinabat;
392 745 419 805 si
438 746 601 807 ordinatus
622 746 741 824 luisset,
757 746 798 807 ab
818 748 1036 811 ecclesiasticis

97 844 286 907 muneribus
308 842 492 903 exercendis
509 844 692 923 repellebat.
709 847 759 906 An
773 863 848 907 vero
863 850 895 907 et
909 846 1035 925 qnando

98 945 135 1005 in
149 940 314 1022 pristinam
335 940 518 1002 servitutem
532 940 740 1020 redigeretur,
757 947 789 1003 et
803 959 873 1022 quae
895 960 1036 1003 remane·

100 1043 176 1099 rent
189 1036 323 1098 dominis
334 1036 408 1116 jura
420 1036 452 1096 in
468 1055 594 1098 serrum
608 1038 800 1115 ordinatum,
817 1038 920 1101 altiori
942 1038 1037 1100 disci-

101 1134 198 1215 plinae
213 1150 351 1195 reservo.

143 1228 368 1289 nalislibertos
382 1229 566 1290 errationis
586 1228 790 1293 similitudine
810 1229 919 1292 deerat
937 1230 1037 1290 runb-

102 1325 190 1403 libus,
205 1324 351 1386 videlicet
364 1324 404 1385 iis
417 1324 562 1386 omnibus
576 1326 633 1405 qui
645 1326 829 1387 muneribus
847 1325 1035 1407 quibusdam

102 1420 313 1500 adimplendis
333 1418 466 1498 publicis
486 1420 608 1482 ratione
630 1425 730 1485 status
750 1424 841 1484 erant
855 1422 990 1483 devincti
1006 1423 1037 1481 et

102 1518 242 1583 obnoxii.
258 1517 349 1578 'Pales
369 1521 460 1579 erant
480 1518 533 1597 qui
554 1518 605 1579 vel
618 1518 651 1579 ln
665 1537 744 1600 pace
763 1517 811 1579 vel
828 1520 860 1579 in
874 1518 956 1579 bello
971 1536 1037 1577 ser-

101 1616 187 1678 vitiis
201 1612 333 1693 alicujus
347 1612 443 1674 curia
457 1613 507 1674 vel
520 1616 667 1694 gubernii
682 1621 787 1676 essent
800 1612 982 1692 mancipati.
998 1612 1036 1673 lli

102 1718 256 1792 tanquam
270 1709 353 1771 servi
365 1709 485 1789 politici
498 1710 643 1791 gubernii
659 1709 848 1773 considerati
863 1711 945 1771 sunt.

142 1806 229 1869 'l'alis
240 1805 369 1866 libertas
381 1804 490 1865 deesse
505 1805 675 1869 videbatur
688 1809 720 1869 et
732 1806 770 1868 iis
785 1806 839 1887 qui
854 1824 892 1867 ex
906 1822 1036 1867 munere

102 1903 231 1984 publico
251 1901 356 1962 aliena
375 1901 643 1979 administrarent,
660 1907 755 1983 prout
769 1908 859 1964 erant
872 1904 992 1963 dotores
1007 1904 1039 1961 et

102 2003 269 2066 Exactores
283 2017 390 2061 rerum
403 2005 435 2061 et
445 1999 565 2080 jurium
578 2000 791 2079 publicorum,
807 2007 915 2059 totores
934 1997 1036 2078 pupil-

101 2104 223 2176 lorum,
244 2105 391 2158 curatores
410 2098 570 2158 minorum
590 2099 623 2158 et
643 2087 792 2156 similium
813 2112 1036 2174 personarum,

103 2213 269 2277 quousque
280 2193 558 2255 administrationis
567 2211 683 2254 munus
693 2191 894 2267 sustinerent,
905 2192 937 2251 et
945 2189 1038 2251 ratio-

102 2293 199 2354 nibus
214 2289 385 2352 reddendis
399 2293 504 2350 essent
516 2289 654 2352 obnoxii.
672 2290 729 2350 Hic
744 2292 845 2352 status
860 2291 891 2350 et
905 2288 1040 2349 liberum

103 2387 288 2450 exercitium
302 2385 497 2446 functionum
508 2386 701 2447 clericalium
711 2385 918 2446 imminuebat
928 2403 965 2444 ex
976 2401 1040 2444 una

103 2488 211 2563 parte,
229 2501 267 2542 ex
287 2482 386 2543 altera
405 2499 481 2542 vero
506 2480 612 2543 decori
635 2481 734 2561 ipsius
758 2481 877 2543 ordinis
901 2481 1039 2559 aliquam

102 2579 237 2638 innuere
251 2576 404 2655 potuisset
416 2573 589 2652 infamiam,
606 2575 633 2636 si
646 2581 793 2654 suspecta
811 2572 1038 2635 administratio

105 2672 268 2735 evasisset.

145 2768 309 2830 Dabuntur
321 2784 397 2828 varo
411 2767 529 2847 regulae
544 2767 745 2844 exceptiones
758 2785 765 2825 ε
778 2768 807 2825 l⁰
817 2765 853 2824 ln
868 2779 942 2823 casu
957 2765 1039 2822 tute-

103 2867 143 2928 1ae
157 2865 307 2945 legitima
321 2881 342 2923 a
355 2882 419 2943 qua
431 2881 490 2924 nec
503 2861 563 2940 ipsi
582 2863 686 2924 clerici
709 2861 944 2929 eximebantnr;
959 2861 993 2917 2⁰
1007 2857 1039 2916 in

104 2976 182 3020 casn
197 2956 475 3017 administrationis
489 2957 531 3016 ad
544 2956 613 3034 pias
628 2973 750 3030 causas,
764 2952 864 3031 qualis
879 2954 927 3011 est
941 2949 1040 3011 admi-

104 3052 251 3116 nistratio
277 3069 384 3113 rerum
410 3051 558 3132 Ecclesia
583 3052 634 3112 vel
661 3047 943 3122 monasteriorum,
969 3062 1039 3124 quae

105 3149 230 3212 clericis
256 3148 408 3210 committi
436 3147 545 3222 debet,
570 3150 603 3208 3⁰
627 3143 856 3208 administratio
883 3143 1040 3204 bonorum

103 3242 333 3307 miserabilium
355 3260 562 3321 personarum
584 3244 679 3322 prout
699 3243 772 3302 sunt
791 3240 948 3316 viduam,
969 3256 1039 3319 quae

103 3341 229 3403 clericis
242 3340 379 3400 maxime
393 3339 550 3401 convenit.
561 3340 731 3399 'lestantur
745 3337 839 3400 bodie
853 3334 1041 3416 pragmatici

103 3437 195 3497 hano-
209 3433 477 3515 irregularitatem
491 3431 584 3494 bodie
599 3432 737 3508 obstare,
755 3435 787 3501 l⁰
800 3430 825 3491 si
841 3430 976 3510 publicis
989 3445 1042 3487 ra-

103 3532 245 3595 tionibus
254 3530 325 3611 quis
334 3530 537 3609 astringatur,
549 3531 582 3589 2⁰
591 3526 714 3589 etiamsi
730 3528 924 3606 privatarum
935 3539 1040 3585 rerum
