2442 4125
203 307 259 363 1¹1⁴
409 315 637 362 rnsrrrurmnas
657 315 741 360 runrs
762 314 916 360 canonici.

201 468 252 529 vel
271 466 407 545 plurium
430 465 462 524 in
476 464 561 525 idam
581 464 731 542 placitum
752 481 935 535 consensus3
959 481 1041 543 ergo
1063 471 1132 524 sunt
1196 498 1197 507 κ

202 561 388 625 naturaliter
416 560 571 622 inhabiles
601 561 642 622 ad
670 559 929 622 matrimonium:
952 559 1037 622 tales
1066 565 1133 620 sont

202 662 355 732 amentes,
380 657 500 734 furiosi,
526 657 616 732 ebrii,
642 656 847 732 dormientes,
873 674 944 717 cum
967 657 1132 719 omnesbi
1197 678 1198 711 l

202 752 316 816 actuali
331 751 460 814 rationis
474 769 533 811 usu
547 769 610 812 non
625 750 795 830 gaudeant.

243 849 306 912 Sed
321 849 374 910 elii
384 851 456 909 sunt
465 848 600 926 quilicet
614 847 790 906 naturaliter
802 850 930 926 possent
943 847 1130 919 consentire,

203 949 309 1006 tamen
324 945 463 1004 humana
471 943 541 1022 lege
551 941 677 1003 illorum
691 959 862 1002 consensus
870 960 928 1021 pro
939 941 1028 1002 nullo
1044 941 1133 1000 habe·

203 1043 256 1100 tur
276 1041 309 1099 in
334 1038 443 1099 ordine
467 1038 508 1098 ad
523 1033 766 1099 'matrimonium
789 1037 829 1098 de
853 1038 1014 1115 presenti.
1046 1036 1131 1097 'lales

202 1137 276 1195 sunt
285 1134 350 1212 qui,
361 1132 435 1194 licet
444 1133 574 1194 rationis
588 1151 647 1193 usu
661 1133 832 1211 gaudeant,
844 1131 984 1193 nondum
999 1131 1132 1209 puberes
1198 1204 1199 1221 ἵ

203 1232 286 1304 sunt,
311 1245 349 1288 ex
371 1245 507 1308 quorum
530 1245 698 1307 corporum
717 1226 968 1306 imperfectione,
990 1228 1131 1287 immatu
1198 1230 1199 1239 ’

203 1324 279 1385 ritas
293 1324 391 1384 etiam
400 1323 512 1402 judicii
531 1325 704 1386 estimatur
718 1326 749 1384 et
763 1323 963 1402 praesumitur
975 1321 1012 1382 in
1029 1320 1132 1383 ordire

204 1419 379 1498 praesertim
400 1418 440 1480 ad
456 1436 495 1479 ea
508 1437 578 1499 quae
599 1421 758 1499 pertinent
775 1419 817 1480 ad
835 1423 952 1481 statum
971 1419 1131 1481 mutrimo

204 1514 330 1577 nialem.

243 1615 341 1674 Porro
361 1629 479 1692 magna
499 1611 599 1690 viguit
619 1611 693 1672 olim
720 1608 934 1672 controversia
953 1611 1041 1670 iuter
1059 1607 1129 1688 juris
1199 1594 1200 1607 ¹

205 1708 327 1768 romani
340 1707 499 1767 consultos
509 1705 591 1766 circa
601 1705 730 1767 modum
746 1705 1009 1766 deliniendihanc
1024 1705 1131 1784 puber-

204 1804 311 1864 tatem.
337 1799 534 1879 Proculejani
563 1819 601 1861 ex
629 1802 738 1877 annis,
762 1802 903 1862 Cassiani
928 1818 966 1860 ax
994 1798 1129 1880 corporis

205 1895 329 1973 habitu,
352 1897 551 1976 pubertatem
573 1897 728 1958 aestimare
749 1896 907 1957 volebant.
931 1893 1130 1957 placandis

205 1994 318 2075 ciplina
341 1992 635 2075 proculejauorum,
660 1995 764 2074 prouti
787 2012 857 2075 quaa
886 1994 1084 2055 commodior
1102 1991 1128 2050 ct

204 2092 402 2154 verecundiae
416 2092 517 2171 magis
532 2090 747 2167 accomodata,
760 2094 791 2151 ct
800 2092 902 2169 primo
912 2107 968 2171 pro
981 2088 1127 2160 foeminis,

204 2187 317 2248 deiude
333 2188 428 2249 etiam
441 2205 498 2266 pro
513 2186 653 2247 maribus
667 2189 796 2265 recepta
810 2191 867 2249 cst.

245 2281 307 2342 Sed
321 2284 469 2344 Ecclesiae
482 2283 527 2345 ita
540 2283 658 2361 placuit
676 2282 840 2343 adhaerere
858 2281 1128 2361 proculejanorum

203 2377 449 2454 praesumptioni,
461 2381 568 2438 utnon
579 2377 748 2456 derogaret
759 2378 979 2439 Cassianorum
991 2372 1124 2439 veritati.

202 2472 285 2548 Ergo
301 2469 441 2531 definivit
454 2472 655 2549 pubertatem
668 2474 881 2534 mascularum
894 2475 973 2548 XIV,
986 2474 1021 2533 et
1035 2468 1127 2534 foemi-

202 2582 315 2627 narum
343 2566 398 2627 XII
422 2584 503 2628 anno
534 2569 707 2649 completo,
733 2569 906 2631 dummodo
932 2567 1050 2629 molitio
1076 2583 1125 2625 oon

201 2660 351 2743 suppleret
362 2669 488 2741 oetatem,
500 2663 647 2725 videlicet
660 2664 832 2726 dummodo
847 2682 960 2742 corpus
974 2681 1042 2724 non
1056 2677 1126 2743 prae·

201 2756 332 2819 ecferret
350 2756 522 2835 perfectam
540 2756 760 2819 habitudinem
777 2758 819 2819 ad
838 2776 935 2837 opera
952 2753 1125 2837 conjugalia

201 2870 273 2914 com
292 2854 404 2915 effectu
423 2853 609 2932 exercenda,
626 2854 710 2915 unde
729 2854 892 2917 maturitas
911 2854 1005 2917 etiam
1020 2846 1124 2933 judicii

200 2946 304 3011 valeat
317 2947 476 3011 aestimari.
493 2948 528 3009 In
542 2947 602 3009 hac
615 2966 651 3008 rc
662 2948 819 3029 judicium
833 2951 880 3010 est
895 2947 1056 3010 ordinarii.

239 3042 299 3105 Ubi
311 3062 386 3105 vero
402 3042 559 3105 sufficiens
574 3043 744 3109 haberetur
758 3044 895 3125 cognitio
910 3047 1008 3106 status
1023 3040 1123 3122 conju·

198 3136 278 3214 galis
298 3139 365 3198 sine
386 3141 552 3218 pubertate
574 3157 633 3200 nec
654 3157 740 3217 vera,
757 3158 815 3201 nec
836 3142 1040 3219 praesumpta,
1055 3145 1122 3199 turc

198 3247 271 3289 cum
285 3236 432 3310 ageretur
446 3236 485 3296 dc
499 3236 726 3314 impedimento
746 3240 871 3299 tantum
885 3236 1016 3297 actualis
1029 3236 1121 3313 impo

198 3325 315 3400 tentiae,
332 3326 415 3388 circa
434 3329 518 3408 quod
539 3331 721 3411 dispensare
743 3348 805 3391 uon
825 3335 930 3409 potest
950 3329 1117 3410 episcopus,

198 3419 424 3480 recurrendum
438 3423 518 3485 foret
532 3425 572 3486 ad
587 3427 695 3487 sedem
710 3426 925 3505 apostolicam.
