2442 4125
228 330 233 337 ’
300 360 348 433 nn
368 358 497 405 oeream
516 360 599 406 rums
622 360 776 407 eluourcr.
956 354 1012 413 lit

65 504 219 585 quodam
234 502 441 564 determinato
454 505 596 582 tempore
610 504 793 580 amandum,
808 505 864 567 sed
879 524 952 568 cnm
965 508 1014 570 in-

65 600 202 660 dustria
222 598 358 659 naturali
379 602 535 673 removet,
559 603 591 658 et
610 599 767 660 abstrahit
786 601 827 661 ab
851 606 937 664 omui
959 605 1012 666 illo

66 694 165 774 quod
188 698 294 773 posset
316 711 467 770 amorem,
493 692 588 756 etiam
610 695 715 773 quoad
739 696 867 775 aliquod
888 701 1013 779 tompus

66 808 255 866 removere,
277 793 310 851 et
333 790 512 852 considerat
531 790 691 870 objectum
713 794 865 871 tanquam
888 812 1015 874 semper

66 884 261 945 amandum.

119 980 210 1042 Adde
224 980 309 1059 quod
323 980 408 1041 aolus
421 981 517 1042 timor
530 982 767 1059 separationisa
780 983 880 1046 libero
895 990 927 1046 et
941 1002 1014 1047 con-

66 1074 232 1137 fidentiali
246 1074 401 1135 consortio
417 1084 605 1137 removeret.

119 1170 335 1232 Contrariatur
347 1172 443 1231 etiam
458 1171 547 1233 alteri
561 1172 628 1248 lini,
642 1172 789 1237 videlicet
801 1178 1012 1253 procreationi

69 1266 207 1341 sobolis,
229 1266 304 1346 quia
323 1267 479 1345 polyviria
497 1266 676 1329 inlaecunda
697 1275 755 1345 est,
779 1274 810 1331 et
829 1271 934 1333 reddit
955 1271 1014 1333 du-

68 1364 165 1425 biam
177 1362 361 1423 filiationem
373 1384 380 1437 ;
397 1365 579 1443 polygamia
592 1369 698 1425 autem
712 1366 897 1444 inquietam.

119 1458 240 1521 Salutio
255 1477 318 1518 non
332 1464 436 1537 potest
450 1460 623 1521 consociari
639 1480 710 1523 oum
727 1463 931 1524 relationibus
945 1480 1014 1525 om-

70 1556 171 1617 nibus
185 1550 356 1616 moralibus
371 1575 441 1637 quae
456 1556 693 1636 iuterparentea
704 1565 736 1619 et
749 1559 865 1619 liberos
879 1576 1015 1619 nascun-

71 1658 130 1714 tur
151 1669 209 1730 pro
229 1652 356 1713 illorum
376 1656 464 1715 reeta
483 1653 676 1716 institutione
696 1655 829 1733 physica
843 1656 875 1715 et
887 1656 1012 1732 morali,
1039 1662 1045 1677 '

71 1767 148 1829 quae
160 1748 325 1826 imprimis
345 1749 453 1827 patris,
470 1753 502 1812 et
513 1750 629 1811 inatris
649 1753 807 1828 affectum,
824 1751 955 1831 requirit
973 1752 1013 1813 ad

70 1849 250 1920 externam,
260 1844 454 1906 etintemam
464 1845 589 1908 familiae
597 1846 762 1909 tuitionem
770 1852 802 1909 et
810 1848 1011 1927 gubernium.
1026 1834 1033 1845 ⁹

48 2004 51 2006 Α
117 1941 281 2019 completa
294 1959 370 2003 vero
385 1941 583 2018 educatione,
600 1942 676 2020 ipsae
695 1942 863 2003 relationes
877 1942 1013 2004 filiorum

71 2036 109 2098 in
130 2040 279 2115 parentes
300 2040 481 2116 supponunt
502 2036 671 2113 familiam,
694 2036 866 2114 vinculum,
881 2036 1015 2098 societa-

72 2139 142 2197 tem
159 2134 243 2194 inter
261 2151 316 2196 eos
333 2135 517 2213 perdurare.
536 2134 678 2196 Paoudes
697 2149 767 2212 quae
789 2138 863 2193 sunt
882 2149 1014 2210 capanea

72 2230 256 2307 instinctus,
271 2248 335 2292 non
349 2231 468 2307 amora,
481 2248 615 2310 quarum
629 2231 732 2290 mater
746 2226 861 2289 sufficit
875 2227 1014 2306 physicae

74 2325 298 2385 sustentationi
313 2325 459 2400 liliorum,
475 2342 610 2404 quarum
630 2322 734 2401 proles
754 2321 915 2383 moraliter
928 2321 1015 2383 insti-

73 2419 198 2482 tuenda
224 2437 288 2480 non
315 2423 373 2495 est,
402 2437 461 2481 nec
486 2419 622 2481 morales
651 2437 689 2478 ox
717 2435 827 2478 earum
850 2417 1014 2479 connubiis

74 2514 430 2592 oriunturrelationes,
448 2533 511 2576 non
534 2516 662 2576 servent
682 2531 740 2574 uec
760 2513 1011 2593 monogamiam,

74 2629 137 2671 neo
152 2609 469 2672 indissolubilitatem.

117 2705 203 2782 Ergo
218 2721 256 2763 ex
271 2704 331 2764 hac
345 2705 505 2782 primitiva
518 2702 708 2765 matrimonii
722 2701 928 2776 institutione,
943 2717 1014 2778 pos-

75 2815 188 2860 sumus
208 2797 286 2857 illud
305 2798 351 2858 ita
371 2798 550 2859 describere
571 2818 578 2859 ε
600 2797 695 2860 Mara
712 2803 740 2857 et
757 2797 885 2874 semino
897 2795 1014 2856 societas

76 2891 234 2954 indiuidua
252 2892 294 2952 ud
312 2893 490 2973 reciprocum
510 2894 579 2954 vitoe
595 2892 722 2952 solamen
743 2899 771 2952 et
789 2889 1014 2969 adjutoriorum

76 2987 140 3048 Deo
161 2985 248 3045 certos
269 2985 379 3064 leuibus
398 2985 543 3058 instituto,
562 2992 590 3045 et
610 2982 652 3044 ad
672 2983 749 3064 filios
771 2979 966 3062 procreandos
987 2990 1015 3042 et

76 3079 272 3142 obstitamdos
285 3081 441 3142 secundam
459 3080 570 3142 eosdem
589 3080 664 3159 leque
681 3077 792 3138 directa
809 3084 838 3137 et
856 3075 1012 3139 benedicto.

117 3175 250 3238 Societas
264 3195 276 3237 .·
291 3179 395 3239 Genus
408 3178 597 3257 proximum.
610 3173 795 3253 Gonjunctio
809 3172 947 3252 plurium
962 3191 1014 3234 an-

74 3275 157 3337 tium
170 3273 343 3335 liberorum
357 3275 389 3345 in
403 3276 498 3334 finem
510 3288 730 3352 communem,
792 3301 794 3306 ·

117 3369 215 3431 Morio
228 3378 257 3430 et
269 3370 407 3450 sarninoe.
424 3403 466 3416 --
479 3369 673 3449 subjectum,
690 3385 746 3428 sou
761 3368 904 3429 membra
918 3368 1014 3430 scoie-

76 3467 162 3544 tatis,
187 3467 353 3530 diversitas
373 3484 506 3530 sexuum
529 3470 560 3528 et
580 3466 683 3528 unitas
706 3483 762 3526 seu
786 3466 961 3528 monoviria
984 3469 1015 3525 at

78 3563 292 3643 monogamia.
