2442 4125
296 291 335 335 nn
356 290 486 367 orrqrro
506 290 590 337 runrs
611 290 767 337 eruourcr.
958 278 998 339 23

103 441 231 501 Certum
246 438 293 496 est
306 434 451 513 inprime
467 434 634 513 hypothesi
646 434 799 496 infantem
815 434 898 496 siout
914 452 999 513 aqua

63 534 141 612 tingi
161 549 225 592 non
244 548 347 609 posse,
364 531 408 590 ita
426 536 483 591 n'eo
503 547 593 608 posse
616 529 778 608 baptizari.
796 530 905 593 Solum
920 546 999 590 oon·

63 630 222 689 nullorum
237 624 458 686 haereticorum
473 625 577 704 opinio
593 626 652 687 fuit
665 626 750 705 quod
764 624 833 705 ejus
846 626 917 687 loeo
931 643 999 686 ma·

62 725 119 787 tris
142 738 257 798 eorpus
281 720 366 783 ablui
389 725 504 796 posset.
528 721 705 781 Censebant
727 721 822 798 euim,
845 724 881 781 ut
901 720 999 785 tradit

62 816 258 897 Augustinus
271 815 325 875 lib.
343 818 373 877 6.
389 815 659 877 contradictionum
673 834 701 877 o.
718 820 749 892 ὕ,
761 816 914 876 infantem
929 822 998 877 ute-

61 931 98 973 ro
112 911 270 971 inclusum
285 928 353 971 esse
369 917 494 989 partem
507 912 647 990 eorporis
662 911 807 989 materni,
820 915 852 973 et
863 910 997 990 proinde

62 1026 121 1087 per
135 1006 237 1084 ipsam
250 1005 415 1084 baptizari.

103 1103 146 1163 At
163 1100 257 1161 altera
277 1101 398 1179 questio
418 1100 553 1161 maxime
572 1101 723 1181 perplexa
740 1106 797 1165 est.
814 1104 894 1163 Nam
915 1102 1000 1182 Bap-

61 1198 173 1260 tismus
192 1201 241 1256 est
258 1200 491 1258 saoramentum
504 1196 763 1277 regenerationis,
780 1214 836 1257 seu
852 1198 998 1261 seoondae

61 1293 235 1354 nativitatis
249 1291 429 1371 spiritualis,
447 1291 497 1353 oui
515 1310 644 1355 neeesse
658 1299 706 1355 est
720 1297 754 1355 ut
767 1292 870 1372 prima
882 1310 999 1372 eorpo-

60 1390 106 1451 ris
127 1389 274 1450 nativitas
296 1388 466 1467 praecedat.
489 1388 572 1449 Dixit
592 1389 677 1451 enirn
698 1389 839 1451 Christus
861 1408 870 1452 :
898 1410 913 1447 o
934 1388 999 1451 Nisi

62 1482 133 1563 quis
146 1486 277 1542 renatus
295 1482 390 1543 tuerit
407 1500 446 1541 ex
466 1499 549 1561 aque
567 1485 599 1544 et
614 1482 726 1561 spiritu
745 1487 866 1559 saneto,
882 1488 944 1543 eto.
959 1515 1000 1529 -·

60 1577 125 1640 Nisi
141 1577 212 1658 quis
227 1580 356 1638 renatus
370 1577 465 1639 fuerit
477 1577 593 1655 denuo,
611 1595 676 1639 nou
695 1578 811 1658 poterit
827 1578 936 1641 videre
948 1595 1001 1641 re·

60 1690 162 1754 gnum
184 1673 252 1751 Dei,
275 1678 334 1737 eto.
356 1706 397 1717 -
418 1675 548 1753 Oportet
568 1691 624 1736 vos
644 1674 732 1737 nasei
752 1674 868 1737 denuo.
890 1695 906 1733 o
929 1676 999 1737 Non

60 1772 167 1851 potest
187 1775 294 1831 autem
315 1770 418 1831 denuo
439 1769 527 1831 nasei
544 1774 600 1833 aut
620 1771 743 1834 renasoi
761 1770 816 1852 qui
836 1788 1001 1852 nunquam

61 1874 155 1931 natus
171 1870 229 1929 est.
246 1868 363 1933 Verum
377 1882 416 1927 ex
429 1866 492 1928 alie
506 1870 596 1944 parte
613 1867 739 1931 videtur
752 1886 826 1931 vore
840 1871 934 1931 natus
947 1866 1000 1931 ille

61 1966 116 2045 qui
131 1982 197 2026 non
210 1964 344 2044 amplius
358 1963 496 2025 inolusus
511 1967 542 2027 et
556 1962 759 2027 absconditus
778 1965 810 2026 in
829 1966 920 2025 utero
933 1980 1001 2025 ma·

61 2067 153 2124 terno
170 2065 228 2137 est,
244 2059 300 2122 sed
311 2059 378 2141 jam
393 2058 569 2124 obstetricis
584 2058 731 2137 menibus
745 2058 873 2122 tractari
887 2057 998 2138 possit

62 2159 221 2220 ueterum
235 2158 411 2236 putandum
421 2173 482 2218 non
494 2156 621 2219 videtur
629 2173 668 2216 ex
678 2160 792 2217 natura
803 2153 1001 2234 baptismatis

61 2255 194 2316 toteiern
222 2261 254 2317 et
276 2253 452 2318 absolutam
475 2251 682 2330 nativitatem,
711 2258 744 2316 et
770 2269 933 2333 egressum
960 2270 999 2315 ex

63 2357 153 2413 utero
176 2357 320 2412 materno
343 2353 475 2431 requiri,
500 2352 557 2413 sed
579 2352 652 2414 telis
678 2356 778 2414 status
804 2369 867 2432 quo
895 2350 999 2412 infans

62 2447 148 2508 ablui
163 2446 274 2524 possit,
287 2464 385 2526 quum
398 2447 467 2506 haeo
480 2464 564 2508 nova
576 2447 738 2526 generatio
757 2463 822 2508 non
836 2451 902 2507 tam
916 2444 998 2506 nati·

63 2543 153 2606 vitati
168 2561 264 2624 quem
278 2542 474 2622 generationi
488 2547 677 2622 opponatur,
694 2548 726 2605 et
738 2543 810 2604 ideo
828 2540 862 2602 in
879 2542 1000 2619 baptis·

62 2646 147 2702 mate
162 2640 359 2702 renes'oimur
373 2639 447 2719 quia
456 2657 513 2720 per
527 2640 604 2700 iilud
613 2656 813 2718 generemur.
827 2637 891 2700 Sed
904 2655 999 2717 gene·

62 2738 144 2798 ratio
160 2741 193 2798 et
206 2736 354 2798 nativitas
370 2736 481 2798 eodem
495 2743 567 2800 aeto
582 2735 784 2815 pertioiturin
796 2733 996 2811 baptismate,

64 2833 269 2912 distinguitur
294 2851 368 2896 vero
396 2834 429 2894 in
457 2839 579 2896 natura.
610 2833 674 2895 Sed
702 2830 833 2910 qaeestio
860 2845 924 2888 uon
952 2831 999 2890 est

63 2928 205 3008 eliquata
221 2947 321 3010 :ergo
342 2931 493 2994 suadetur
512 2929 738 3010 baptizandum
758 2943 826 2987 esse
846 2922 999 2986 infantem
1054 2986 1056 2989 .

64 3041 105 3084 eo
118 3025 152 3084 in
165 3029 248 3088 statu
263 3027 322 3088 sub
336 3027 525 3105 conditione,
538 3045 600 3107 qua
610 3024 823 3105 rebaptizetur
832 3035 931 3102 quum
945 3039 999 3101 pe·

63 3117 201 3178 rioulum
214 3120 360 3182 cessabit.

109 3215 156 3276 Ad
170 3216 285 3278 tottam
295 3218 491 3298 questionem
501 3217 672 3298 respondet
683 3216 807 3278 Rituule
820 3232 997 3291 romanum,

65 3311 157 3374 titulo
178 3313 217 3372 de
238 3314 435 3394 baptizandis
457 3316 608 3394 parvulis,
632 3315 717 3394 quod
737 3315 874 3376 instante
890 3312 1000 3375 mortis

65 3409 204 3488 periculo
224 3412 257 3474 in
279 3431 317 3474 ea
337 3421 426 3492 parte
445 3414 602 3494 baptisma
622 3413 847 3476 eonferendum
860 3412 912 3489 sit,
929 3427 999 3490 quae

67 3522 109 3568 ex
129 3508 225 3570 utero*
237 3510 380 3590 emergit,
398 3510 549 3591 additque
568 3526 632 3572 non
650 3527 718 3574 esse
736 3510 894 3590 baptisma
909 3521 1001 3584 repe·
