2442 4125
169 344 229 405 110
377 352 608 401 msrrrurrorrs
629 353 711 400 murs
733 353 889 402 cruorum.

207 500 323 561 Contra
336 497 473 559 minores
487 497 612 559 ordines
629 495 770 577 qualibet
791 496 841 560 die
860 496 940 559 lesto
959 498 999 560 dc
1018 518 1104 578 pra-

166 597 269 673 ceplo,
284 595 379 656 etiam
393 598 482 657 extra
495 593 634 671 missam,
652 593 708 655 sed
723 597 796 656 ante
811 593 977 656 meridiem
996 596 1074 657 conf
1090 631 1102 642 -

167 693 316 858 mnotdlorad
331 785 424 846 Iocum
441 805 448 846 :
466 783 579 864 dignus
594 785 790 848 ordinatione
803 785 893 848 locus
902 790 950 849 est
959 786 1103 849 Ecclesia

166 882 365 945 cathedralis.
377 884 444 943 Hoc
458 886 564 942 autem
577 881 775 961 potissimum
788 881 821 942 in
836 882 1004 944 collatione
1015 883 1101 946 ordi·

166 997 242 1040 num
255 975 412 1056 majorum
426 975 621 1038 observatur.

359 1145 399 1192 lv.
413 1158 443 1192 nr
457 1155 553 1193 ramus
566 1157 596 1192 rr
610 1156 709 1194 orrrrrrs
722 1157 902 1193 omiserorcu.

118 1263 121 1268 ’
204 1269 285 1330 ΧΙΙΙ.
302 1266 386 1328 Ordo
401 1266 1027 1329 saoerunnmexhistribussacramentis
1037 1273 1095 1348 est,

165 1381 236 1444 qum
262 1363 477 1424 characterem
498 1361 692 1441 imprimunt.
718 1362 890 1424 character
912 1366 1020 1424 autem
1043 1365 1097 1442 qui

163 1459 238 1519 hnic
251 1461 448 1520 sacramento
462 1457 634 1536 respondet
647 1461 694 1520 est
713 1458 838 1538 signum
857 1455 985 1537 aliquod
1004 1458 1098 1537 spiri-

162 1554 247 1615 tuale
269 1555 302 1614 in
325 1554 430 1614 animo
452 1554 652 1632 impressum,
676 1553 789 1614 saltem
810 1569 868 1632 per
889 1557 990 1614 lotam
1013 1553 1096 1614 hanc

161 1651 260 1711 vitam
280 1666 479 1728 permanens,
504 1666 566 1729 quo
588 1649 682 1710 homo
706 1649 738 1709 in
758 1649 859 1730 gradu
880 1650 1096 1710 ministrorum

163 1742 309 1803 Ecclesiae
329 1742 510 1804 collocatur.
532 1743 571 1804 Et
586 1741 661 1803 licet
678 1759 741 1804 non
761 1759 869 1804 omnes
888 1741 1014 1803 ordines
1033 1742 1096 1803 sint

161 1842 370 1912 sacramenta,
386 1837 498 1899 saltem
512 1836 609 1899 nil'dc
629 1838 692 1898 fide
712 1837 816 1918 quoad
835 1838 999 1916 plorassit
1017 1837 1096 1898 defi·

161 1935 272 2012 nilum,
288 1938 395 1995 tamen
409 1933 450 1995 ob
465 1935 644 2015 analogiam
658 1934 762 2015 adjus
781 1934 923 1996 divinum
941 1933 982 1996 ad
1003 1934 1094 2015 cujus

159 2032 368 2096 imilationem
395 2031 536 2094 Ecclesia
556 2032 720 2093 inferiores
743 2030 877 2093 ordines
892 2030 1040 2093 discrevit
1063 2036 1095 2094 et

160 2132 304 2208 instituit,
328 2132 447 2209 placuit
468 2130 570 2191 eidem
590 2127 738 2189 Ecclesiae
759 2130 800 2191 ad
824 2130 969 2189 eamdem
991 2128 1094 2190 imita·

159 2226 278 2287 tionem
292 2228 375 2286 hanc
393 2231 512 2301 notam,
533 2226 617 2285 hunc
637 2224 796 2285 internum
814 2228 930 2288 statum
949 2225 1095 2287 conside-

158 2339 241 2397 rare,
257 2322 302 2382 ita
316 2324 351 2381 ut
364 2322 478 2381 iterare
493 2338 556 2381 non
570 2319 741 2399 permittat.
760 2322 849 2392 Quod
863 2326 969 2383 autem
988 2339 1021 2381 se
1041 2338 1093 2381 res

158 2414 342 2491 dehabeat,
359 2418 445 2493 patet
459 2416 602 2494 exemplo
618 2416 728 2495 primae
742 2422 891 2479 tonsura.
913 2416 1029 2498 Ecquis
1044 2418 1094 2477 in-

158 2511 243 2572 ficiat
256 2510 300 2571 ihi
314 2511 396 2572 hanc
410 2512 532 2572 esseda
547 2530 636 2574 mera
650 2513 844 2575 institutione
859 2512 1093 2574 ecclesiastica?

158 2607 264 2687 ecquis
279 2612 368 2687 putet
381 2626 450 2670 esse
464 2613 697 2672 sacramentum
711 2610 818 2673 siricio
837 2609 952 2671 sensu?
970 2610 1091 2671 Tamen

156 2706 197 2766 ob
210 2706 397 2768 relationem
417 2722 513 2786 qnam
531 2706 628 2769 habet
645 2708 686 2769 ad
705 2712 937 2769 sacramentum
956 2705 1087 2781 ordinis,

155 2822 226 2866 cam
239 2805 353 2867 iterare
367 2822 430 2866 non
443 2805 528 2865 simt.
545 2805 579 2867 Si
594 2804 664 2885 quis
673 2805 805 2869 clericus
815 2803 948 2883 simplici
957 2806 1090 2865 tonsura

153 2901 292 2965 initiatus
320 2902 457 2965 clericali
484 2902 580 2963 statui
606 2902 751 2963 nuntium
774 2900 903 2975 miserit,
929 2899 956 2961 ai
978 2903 1089 2963 tamen

153 2999 227 3059 lacti
261 3000 416 3078 paenitens
442 3000 557 3060 iterum
583 2999 617 3058 in
644 3000 764 3060 olerum
791 2997 993 3073 admittatur,
1023 3013 1089 3055 nou

152 3094 266 3154 iterum
278 3096 486 3176 inauguratur
504 3097 566 3158 ritu
584 3096 694 3174 primae
713 3102 862 3172 tonsura,
882 3093 938 3155 scd
958 3092 1051 3172 qnasi
1070 3110 1088 3152 a

153 3182 343 3263 postliminio
357 3207 512 3267 reversus,
530 3208 593 3252 nou
607 3194 673 3251 tam
683 3207 782 3251 novus
793 3189 925 3250 clericus
936 3189 1086 3249 censetur

152 3299 248 3361 quam
261 3286 401 3345 veterem
415 3285 596 3349 clericatum
610 3304 674 3347 non
688 3286 841 3347 amisisse.

190 3380 264 3440 Haec
279 3393 375 3460 quum
388 3381 433 3442 ita
452 3383 523 3460 sint,
547 3401 646 3464 quum
666 3381 806 3442 Ecclesia
826 3380 937 3442 credat
956 3398 1014 3459 per
1034 3397 1086 3440 nr·

149 3474 259 3535 dinum
277 3477 476 3539 collationem
494 3481 580 3539 nasci
600 3478 771 3559 quemdam
788 3477 947 3537 internum
966 3478 1086 3537 statum

144 3587 203 3646 per
215 3575 314 3633 totam
327 3573 409 3634 hanc
419 3573 531 3634 saltem
541 3573 638 3635 vitam
647 3574 897 3651 permanentem,
912 3588 975 3650 qua
984 3569 1083 3632 homo
