2442 4125
335 310 524 359 oscamcro
543 310 628 357 soors
648 310 804 359 cauomcr.
999 303 1038 361 2¹1

103 476 168 519 non
190 456 325 535 amphus
347 454 479 534 simplex
501 455 658 517 invocatio
678 454 889 517 Sanctissimae
908 458 1042 520 Trinita-

103 556 145 617 tis
158 572 229 634 quae
244 554 385 632 corporis
400 552 592 614 ablutionem
607 553 789 630 concitaret,
801 552 860 616 luit
872 556 950 617 ritus
963 555 1042 635 bsp-

103 651 238 713 tismatis
261 648 453 722 conferendi,
480 648 535 710 scd
558 648 652 728 plura
672 649 712 711 de
737 648 819 726 loco,
844 655 986 731 tempore
1008 657 1041 717 et

102 748 217 822 ritibus
232 747 400 808 constituta
415 748 496 807 suut.

143 844 254 921 ltaque
276 840 387 900 erectis
408 838 505 899 sacris
528 838 652 901 oedibus
674 839 862 917 christianis,
888 840 1041 921 optimum

104 938 208 999 visum
223 941 270 998 est
284 940 319 997 ut
332 935 543 996 sacratissima
558 934 627 997 haec
641 952 692 995 res
705 936 737 997 in
750 938 847 998 sacris
861 936 929 999 locis
942 938 1040 1001 admi·

105 1036 291 1095 nistraretur
307 1050 314 1092 :
330 1030 404 1091 inde
418 1030 501 1108 apud
517 1048 624 1091 sacrus
640 1031 728 1093 oedes
742 1032 836 1095 erecti
851 1038 925 1095 sunt
939 1035 1041 1099 tontes

104 1132 159 1211 qui
179 1148 217 1190 ex
238 1147 295 1188 usu
317 1126 367 1187 cui
388 1126 619 1205 deserviebant,
637 1127 821 1205 baptismales
837 1134 941 1193 vocati
955 1137 1038 1195 sunt.

104 1230 225 1289 Erectac
246 1228 355 1303 postea
375 1222 583 1299 cathedrales,
601 1228 634 1285 et
654 1223 818 1286 inferiores
834 1228 992 1306 Ecclesias,
1009 1234 1041 1292 et

103 1324 136 1383 in
150 1322 189 1382 iis
203 1338 261 1399 par
275 1319 439 1397 disciplina
452 1318 621 1381 observata
634 1325 682 1382 est
694 1340 701 1381 :
713 1321 798 1383 unde
811 1323 918 1401 plures
931 1325 964 1385 in
979 1326 1041 1386 sin-

103 1417 187 1498 gulis
202 1416 389 1477 dioecesibus
403 1416 499 1477 crecti
513 1421 586 1477 sunt
599 1415 702 1479 fontes
713 1417 786 1479 huic
795 1422 865 1481 usui
879 1420 1037 1483 destinati.

104 1516 172 1575 lluo
188 1513 239 1573 bic
253 1512 383 1573 adverte
401 1531 408 1571 ι

145 1612 176 1669 l⁰
196 1610 282 1670 Licet
301 1609 334 1671 in
353 1608 422 1668 aliis
440 1612 555 1686 prester
573 1608 771 1672 cathedrales
792 1612 930 1672 aeclesiis
945 1615 1042 1677 crecti

104 1706 167 1767 sint
188 1704 289 1767 fontes
309 1703 522 1782 baptismales,
540 1722 602 1765 nou
623 1707 783 1766 tamenin
804 1710 960 1784 omnibus,
983 1708 1041 1770 sed

103 1802 135 1861 in
150 1800 189 1859 iis
204 1816 274 1878 quae
289 1800 375 1862 velut
388 1799 535 1860 Ecclesiae
551 1804 668 1861 matres
682 1806 787 1863 essent
800 1802 965 1865 habendae.
982 1806 1040 1865 'la-

102 1898 142 1958 lis
167 1900 235 1957 erat
256 1896 358 1975 primo
379 1896 449 1956 loco
472 1896 612 1955 Ecclesia
635 1896 836 1974 cathedralis,
859 1904 890 1960 et
913 1898 1042 1978 quidam

104 2009 270 2074 quousque
284 1992 343 2053 luit
356 1992 450 2051 unica
463 1990 603 2051 Ecclesia
617 1991 826 2070 parochialis3
843 1994 900 2053 ssd
913 1992 1041 2072 quando

105 2091 190 2163 aliae,
206 2094 326 2167 proeter
339 2091 451 2167 ipsam,
467 2087 664 2167 parochiales
678 2088 824 2148 Ecclesia
838 2089 965 2150 fuerunt
977 2089 1042 2150 ins-

104 2185 216 2258 tituta,
233 2183 323 2244 facile
337 2185 395 2246 fuit
409 2201 463 2244 eas
483 2201 519 2243 ex
539 2184 672 2261 paritate
693 2185 822 2245 rationis
843 2189 875 2246 et
895 2184 990 2245 officii
1007 2185 1041 2246 in

104 2279 250 2360 ejusdem
260 2280 340 2360 juris
355 2281 553 2358 privilegium
567 2279 734 2343 admittere
746 2299 754 2354 ;
778 2287 959 2346 nontamen
975 2301 1040 2344 om·

103 2393 172 2452 nes,
190 2381 222 2438 ct
235 2375 356 2437 facilius
371 2375 499 2455 quidem
513 2376 669 2437 Ecclesias
682 2377 804 2438 rurales
821 2397 916 2457 qnam
935 2379 1041 2439 civita-

102 2479 228 2546 tenscs3
244 2471 305 2533 illae
316 2473 400 2532 enim
409 2476 503 2551 prout
517 2473 618 2550 magis
628 2472 744 2534 dissita
759 2475 888 2552 speciali
902 2474 1041 2554 quodam

103 2569 201 2631 modo
217 2569 424 2630 efformabant
438 2573 581 2630 centrum
596 2569 728 2650 alicujus
737 2571 838 2648 plebis
848 2572 1038 2645 christianae,

102 2669 138 2728 in
153 2664 242 2745 cujus
257 2665 459 2726 commodum
472 2664 541 2725 fons
562 2665 758 2743 baptismalis
772 2672 841 2729 erat
859 2665 1039 2745 erigendus,

103 2781 162 2824 seu
184 2761 275 2824 sicuti
295 2762 453 2840 antiquior
475 2765 522 2821 est
540 2761 693 2823 institutio
707 2762 925 2839 parochialem
944 2759 1041 2820 eccle·

102 2861 225 2922 siarum
248 2857 400 2919 ruralium
425 2875 520 2937 quam
543 2857 783 2931 civitatensium,
813 2858 857 2917 ita
885 2856 1042 2935 antiquior

102 2953 165 3014 fuit
182 2953 298 3013 erectio
313 2951 446 3012 fontium
461 2951 706 3029 baptismalium,
718 2953 835 3029 praeter
848 2948 968 3009 fontem
982 2949 1042 3008 Ec-

104 3046 209 3108 clesiae
225 3046 425 3122 cathedralis,
441 3047 474 3106 in
488 3046 578 3124 pagis
601 3063 697 3124 quam
716 3046 749 3104 in
770 3045 948 3106 civitatibus
962 3044 1042 3123 cpis-

103 3143 278 3220 copalibus
293 3142 424 3214 Quando
441 3143 575 3202 adaucta
585 3142 676 3219 plebe
687 3141 866 3220 christiana,
879 3160 1042 3222 unaparo·

102 3241 179 3302 chia
192 3241 224 3300 in
238 3240 344 3319 plures
359 3239 505 3300 distincta
520 3243 577 3314 est,
595 3257 659 3298 non
673 3256 798 3316 semper
812 3257 869 3299 neo
889 3240 980 3300 facile
995 3241 1042 3300 est

104 3336 294 3416 derogatum
318 3333 382 3413 juri
409 3331 556 3392 Ecclesia
583 3331 732 3391 matricis.
758 3330 849 3392 Unde
864 3329 957 3390 nullas
972 3329 1041 3388 aliae

104 3432 253 3493 Ecclesiae
282 3432 398 3508 praeter
427 3426 624 3507 parochiales
651 3427 770 3488 habent
796 3426 899 3486 fontes
925 3424 1041 3502 baptis-

105 3527 215 3604 males,
232 3526 289 3587 sed
303 3543 367 3586 non
381 3541 490 3586 omnes
504 3521 701 3603 parochiales
714 3520 785 3582 illos
797 3519 925 3580 babent.
