2442 4125
313 345 352 388 nn
372 343 502 390 ossucro
521 343 604 390 rums
626 343 783 391 ceremur.
954 337 1010 395 eol

119 490 197 552 XVI.
215 491 302 550 Hanc
316 489 477 569 perpendo
493 493 525 551 l⁰
538 487 648 562 Quoad
661 489 738 551 ritus
756 495 787 552 et
808 493 1013 552 ceremonias

50 603 150 666 que
165 573 366 647 celebrationi
381 585 476 664 hujus
491 584 633 647 sacrificii
643 593 853 664 accesserunt,
862 592 896 649 2·
902 588 1013 659 Quoad

51 683 280 745 intrinsecam
295 680 527 744 solemnitatem
543 684 575 743 et
588 681 773 744 exteriorem
787 699 1013 764 pompamque

53 779 272 841 celebratum
287 782 343 839 est.

115 875 150 934 l⁰
179 875 281 934 Pauca
313 872 484 934 admodum
506 871 639 935 fuissent
661 872 839 935 essentialia
861 873 1010 952 requisita

55 967 194 1030 adhoc
209 965 405 1041 sacrificium,
422 981 492 1044 quae
506 967 556 1028 vel
570 967 602 1026 iu
613 983 677 1026 nna
691 967 925 1028 consecratione
939 984 1011 1028 con·

57 1063 235 1140 sisterent,
250 1061 300 1123 vel
315 1063 354 1123 ad
369 1079 527 1122 summum
542 1061 638 1124 etiam
653 1061 694 1122 ed
708 1063 1011 1125 consummationem

58 1157 332 1220 extenderentur.
348 1157 411 1218 Sed
424 1157 562 1219 Ecclesia
573 1158 682 1237 plures
696 1158 785 1234 ritus,
801 1175 911 1236 preces
924 1157 1011 1220 addi-

58 1257 120 1318 dit
136 1255 250 1334 quibus
264 1271 354 1315 suam
373 1253 481 1331 fidem,
505 1251 728 1334 gratitudinem
742 1241 911 1317 'exhiberet
934 1273 1010 1334 erga

58 1354 138 1413 hoe
154 1354 384 1413 sacramentnm
400 1355 430 1411 et
443 1347 583 1410 fidelium
598 1355 721 1411 mentes
735 1350 776 1411 ud
796 1349 878 1411 illius
891 1351 1010 1413 cultum

62 1447 238 1520 encitaret.
253 1447 344 1507 Tales
357 1445 483 1506 luerunt
502 1444 654 1506 lectiones
676 1451 857 1508 sanctarum
880 1447 1010 1524 scriptu-

61 1561 184 1606 rarum
206 1549 236 1604 et
258 1541 431 1622 presertim
453 1541 530 1602 Nori
543 1541 734 1604 Testamenti
757 1544 790 1602 et
811 1540 1011 1618 potissimum

62 1637 334 1718 Evangeliornm,
362 1637 574 1698 invocationes
602 1634 735 1714 Spiritus
759 1633 883 1710 Sancti,
904 1634 1009 1695 Oratio

63 1733 249 1808 Dominica,
266 1731 509 1812 supplicationes
522 1748 578 1811 pro
594 1730 740 1793 Ecclesiae
756 1727 1007 1791 necessitatibus.

64 1829 286 1908 Talesplures
300 1825 420 1905 mystici
445 1827 523 1889 ritus
546 1825 704 1888 mixtionis
723 1842 827 1905 aque,
851 1823 1010 1888 fractionis

65 1926 198 2002 hostiae,
215 1923 479 1987 benedictionum.

112 2021 172 2084 Hio
187 2021 263 2084 ordo
277 2019 482 2084 dicendorum
497 2025 528 2082 et
540 2019 737 2098 agendorum
750 2018 782 2079 in
803 2017 900 2097 hujus
913 2019 1009 2081 sacri-

65 2120 138 2183 ficii
152 2120 321 2196 oblatione,
337 2118 391 2195 qui
404 2116 505 2178 dictus
524 2119 572 2179 est
594 2114 734 2196 Liturgic
757 2113 929 2193 (publicum
950 2116 1010 2175 mi-

67 2216 249 2294 nisterium)
265 2214 305 2275 ab
318 2214 489 2293 apostolica
504 2213 687 2275 auctoritate
698 2211 822 2275 videtur
837 2212 1008 2293 sumpsisse

68 2314 238 2394 originem.
266 2314 495 2391 Argumentum
523 2316 569 2372 est
606 2310 692 2389 quod
729 2328 838 2373 omnes
872 2312 1008 2394 liturgiae

68 2404 178 2481 quoad
192 2404 343 2463 nonnulla
357 2403 460 2482 capita
473 2402 678 2465 concordant.
694 2402 758 2465 Sed
767 2404 935 2467 verisimile
944 2424 1008 2466 non

70 2495 118 2551 est
133 2492 290 2568 apostolos
304 2492 429 2571 singula
442 2492 537 2554 verba
552 2493 600 2555 vel
613 2495 752 2574 singulos
765 2497 844 2559 ritus
858 2499 891 2559 in
901 2498 1007 2578 specie

71 2585 316 2662 determinasse3
343 2587 398 2649 sed
425 2588 621 2667 reliquerunt
651 2592 829 2670 pastoribus
859 2596 1006 2656 Ecclesia

73 2681 318 2745 determinanda
333 2682 406 2746 inde
420 2703 477 2765 pro
492 2687 585 2747 variis
596 2687 742 2751 Ecclesiis
754 2689 846 2750 variae
858 2689 1005 2768 liturgiae.

74 2778 133 2839 Sed
147 2796 221 2839 cum
236 2778 409 2859 disciplina,
426 2798 490 2860 pree
505 2783 635 2856 caeteris,
656 2801 785 2846 necesse
796 2784 836 2847 sit
845 2785 1007 2847 uniformis

74 2874 113 2934 ob
133 2874 287 2951 majorem
308 2876 534 2939 connexionem
549 2896 645 2957 quam
666 2878 762 2942 hahet
782 2897 855 2941 oum
878 2880 1007 2959 dogma-

74 2971 167 3046 tibus,
184 2971 256 3034 inde
272 2973 361 3053 plura
380 2976 512 3037 concilia
536 2977 738 3056 provincialia
761 2978 877 3041 sedatis
901 2997 1007 3058 perse-

75 3066 250 3128 cutionibus
265 3076 413 3133 curarunt
437 3072 680 3135 uniformitatem
694 3073 828 3155 liturgiae
852 3076 1007 3154 suffraga-

74 3181 203 3223 nearum
218 3182 290 3225 cum
301 3167 542 3245 metropolitana
552 3169 701 3232 Ecclesia.
714 3171 748 3230 ln
758 3171 918 3234 occidente
930 3191 1007 3252 qna·
1069 3168 1077 3180 '

41 3318 43 3323 .
74 3269 144 3324 tuor
157 3263 284 3326 fuerunt
299 3266 431 3346 liturgiae
449 3284 456 3327 ι
484 3271 514 3327 l⁰
527 3267 697 3343 Gallicana,
716 3272 748 3329 2⁰
763 3270 928 3350 Hispaniae
949 3293 1005 3337 seu

72 3359 275 3434 Mozarabica,
288 3364 320 3423 3⁰
332 3361 591 3440 Ambrosiana‚l⁰
601 3364 754 3429 Romana.
762 3366 894 3429 Romani
903 3370 1007 3433 Ponti·

71 3456 144 3516 tices
155 3454 302 3533 jamtum
318 3457 358 3519 ah
373 3459 555 3522 Innocentio
570 3462 593 3536 l,
610 3476 650 3521 ne
665 3460 804 3525 haeretici
823 3482 861 3526 ex
875 3464 1007 3528 diversi·
1098 3442 1105 3455 ⁹

71 3553 132 3613 tate
160 3550 221 3611 huo
250 3553 451 3618 occasionem
479 3564 640 3621 sumerent
659 3560 880 3639 proscindendi
902 3562 1003 3621 sinum

872 3670 917 3723 lii*
