2442 4125
184 308 243 368 338
391 316 621 364 rasrrrurrouas
642 316 725 363 rnnrs
747 316 903 363 cruorum.

186 464 300 538 rentes,
317 460 472 541 siquidem
485 458 602 521 mobile
615 458 767 520 immobili
782 459 944 521 coherens
952 462 1117 525 immobile

185 559 330 621 censetur
345 576 352 618 ε
369 556 415 619 uti
429 555 558 617 arbores
571 554 604 615 in
617 553 727 631 fundo,
749 572 820 635 quae
841 554 974 633 proinde
997 559 1118 621 succidi

186 670 249 715 non
263 656 405 732 possunt,
417 648 588 712 dummodo
601 648 634 709 in
648 665 758 709 earum
774 648 948 711 succisione
964 668 1029 711 non
1045 670 1120 713 con-

185 748 274 812 sistat
292 746 412 809 fructus
432 742 553 825 predii,
570 746 603 805 et
624 760 662 803 ea
683 745 817 821 sequuta
838 740 977 804 deterior
999 742 1118 805 fundus

186 862 248 905 non
262 844 328 919 ilat,
344 840 390 904 uti
404 839 528 901 accedit
539 838 573 899 in
584 836 683 916 ‘sylvis
696 836 888 914 nemoribus,
905 838 1116 917 arundinetis,

185 940 239 1001 ubi
253 938 419 1000 arboribus
432 935 543 997 excisis
556 950 646 996 novoe
660 936 873 1010 succrescunt,
889 933 939 994 vel
955 934 1120 995 ordinaria
1158 1008 1160 1012 ,

186 1036 309 1097 cultura
322 1032 562 1095 substituuntur.

225 1134 345 1191 Temen
358 1127 510 1209 praediola
523 1142 593 1207 quse
607 1129 646 1187 25
662 1124 848 1186 ducatorum
869 1124 919 1185 vel
939 1128 980 1187 40
993 1127 1120 1188 circiter

185 1227 379 1285 scutatorum
401 1238 604 1283 romanorum
631 1219 770 1280 valerem
797 1218 870 1279 non¹
889 1218 1063 1296 excedunt,
1090 1240 1117 1281 c.

186 1316 378 1391 terruimus,
398 1334 485 1376 caus.
508 1319 556 1391 12,
576 1319 606 1390 9,
627 1318 657 1391 2,
679 1317 810 1393 possunt
828 1312 959 1375 alienari
979 1315 1049 1375 sola
1068 1333 1121 1376 or-

185 1412 298 1476 dinarii
313 1411 499 1473 auctoritate
512 1412 580 1471 sine
593 1410 772 1473 interventu
787 1410 870 1471 sedis
888 1411 1083 1489 apostolicae.

220 1508 357 1582 *Quando
380 1508 502 1588 agimus
521 1506 560 1567 de
579 1505 767 1568 alienatione
789 1506 945 1575 bonorum
968 1508 1118 1569 Ecclesia

185 1605 417 1685 temporalium,
433 1602 630 1665 alienationis
644 1618 760 1662 nomen
773 1600 965 1680 amplissimo
980 1621 1078 1665 sensu
1089 1611 1119 1665 et

184 1703 335 1777 latissima
349 1699 575 1779 significatione
591 1701 760 1777 usurpatur
773 1699 859 1760 itaut
868 1700 1119 1777 comprehendat

186 1816 249 1860 non
263 1796 365 1857 solnm
379 1812 487 1857 omnes
501 1800 680 1858 contractus
694 1811 752 1873 per
770 1810 851 1873 qnos
863 1793 1040 1855 dominium
1053 1797 1117 1875 ple-

186 1911 273 1967 num,
289 1892 443 1954 directum
456 1890 506 1952 vel
521 1890 596 1953 utile
610 1890 806 1966 mansfertnr,
824 1890 932 1970 quales
950 1897 1026 1952 sunt
1044 1911 1118 1953 ven-

185 1987 273 2063 ditio,
289 1983 491 2066 permutatio,
507 1983 732 2064 emphyteusis,
748 1982 931 2061 infeudatio,
949 1983 1119 2047 sedetiam

185 2083 272 2146 modi
285 2083 399 2162 quibus
412 2081 738 2160 transferturaliqned
750 2079 803 2160 jus
817 2081 914 2158 reale,
930 2083 1118 2160 proutisunt

186 2178 365 2241 constitutio
379 2178 547 2254 servitutis,
563 2177 702 2256 pignoris
717 2176 767 2237 vel
789 2176 995 2256 hypothecae3
1019 2178 1115 2240 immo

185 2277 256 2355 ipsa
273 2274 411 2336 venditio
438 2273 598 2335 fructuum
625 2272 665 2332 ad
684 2271 814 2352 longum
836 2276 972 2350 tempus,
1001 2273 1054 2335 vel
1076 2275 1117 2336 ad

184 2371 282 2431 vitam
296 2385 368 2427 oum
382 2366 536 2427 solutione
550 2365 731 2443 anticipata,
753 2364 803 2426 vel
821 2364 980 2427 bonorum
1001 2365 1115 2427 locatio
1202 2423 1205 2429 .

186 2463 227 2525 ad
249 2462 379 2541 longum
392 2468 516 2540 tempus
529 2467 661 2541 peracta
674 2463 705 2522 et
720 2460 868 2541 qualibet
882 2460 1038 2524 condictio
1059 2480 1116 2540 per

187 2577 282 2640 quam
296 2575 347 2620 res
360 2557 507 2619 Ecclesiae
521 2557 660 2620 deterior
673 2557 817 2619 efficitur.
946 2618 949 2624 ,

226 2659 272 2720 Ex
285 2654 338 2716 his
348 2656 492 2718 omnibus
506 2653 704 2716 alienationis
719 2653 830 2730 modis,
847 2653 880 2713 in
898 2655 1004 2732 specie
1023 2673 1116 2735 agam

185 2753 226 2814 de
239 2751 397 2830 emptione
421 2756 453 2811 et
470 2749 651 2811 venditione
669 2747 796 2826 propria
811 2747 904 2824 dicta,
922 2746 962 2808 de
984 2748 1116 2827 emphy-

184 2849 265 2911 teusi
279 2854 312 2909 et
323 2845 548 2921 infeudatione,
565 2845 604 2906 de
619 2843 773 2906 locatione
789 2848 820 2907 et
834 2843 1055 2906 conductione.

224 2948 277 3009 IV.
301 2943 426 3024 Emptic
453 2941 600 3018 uenditio;
629 2943 807 3003 contractus
835 2939 1050 3002 consensualis
1078 2941 1117 3002 de

185 3055 219 3097 re
239 3055 297 3116 pro
312 3039 397 3097 certo
412 3034 513 3114 pretio
528 3033 694 3094 tradenda.

225 3133 296 3193 Alia
308 3129 491 3205 marcomiro,
507 3128 569 3190 alia
582 3127 792 3209 ceparanum
807 3128 875 3189 heae
887 3127 1059 3190 interdicta
1073 3131 1118 3190 est

185 3229 305 3289 clericis
320 3231 352 3289 'et
365 3226 528 3300 Ecclesiae3

224 3322 281 3381 llla
303 3325 497 3398 potestesse
520 3337 601 3398 pura
624 3321 657 3382 et
679 3319 828 3401 simplex,
853 3321 903 3382 vel
927 3338 1000 3381 cum
1024 3328 1117 3400 pactu

186 3415 321 3492 adjecto,
337 3433 410 3477 cum
423 3415 600 3481 conditione
615 3416 888 3479 retrovenditionis
902 3435 958 3478 sen
972 3417 1119 3495 redemp-

185 3510 288 3569 tionis.
403 3540 407 3547 ·
