<?xml version="1.0" encoding="UTF-8"?>
<!DOCTYPE html PUBLIC "-//W3C//DTD XHTML 1.0 Transitional//EN"
    "http://www.w3.org/TR/xhtml1/DTD/xhtml1-transitional.dtd">
<html xmlns="http://www.w3.org/1999/xhtml" xml:lang="en" lang="en">
 <head>
  <title>
</title>
<meta http-equiv="Content-Type" content="text/html;charset=utf-8" />
  <meta name='ocr-system' content='tesseract 3.04.00' />
  <meta name='ocr-capabilities' content='ocr_page ocr_carea ocr_par ocr_line ocrx_word'/>
</head>
<body>
  <div class='ocr_page' id='page_1' title='image "./institutionesju04marigoog_0114.png"; bbox 0 0 2442 4125; ppageno 0'>
   <div class='ocr_carea' id='block_1_1' title="bbox 214 302 932 361">
    <p class='ocr_par' dir='ltr' id='par_1_1' title="bbox 214 302 932 361">
     <span class='ocr_line' id='line_1_1' title="bbox 214 302 932 361; baseline -0.011 0"><span class='ocrx_word' id='word_1_1' title='bbox 214 302 270 361; x_wconf 81' lang='lat' dir='ltr'><strong>llll</strong></span> <span class='ocrx_word' id='word_1_2' title='bbox 419 308 651 356; x_wconf 83' lang='lat' dir='ltr'><strong>rusmrurronus</strong></span> <span class='ocrx_word' id='word_1_3' title='bbox 671 308 754 353; x_wconf 81' lang='lat' dir='ltr'><strong>murs</strong></span> <span class='ocrx_word' id='word_1_4' title='bbox 776 306 932 353; x_wconf 81' lang='grc'><strong>01101101.</strong></span> 
     </span>
    </p>
   </div>
   <div class='ocr_carea' id='block_1_2' title="bbox 148 451 1160 3590">
    <p class='ocr_par' dir='ltr' id='par_1_2' title="bbox 213 451 1159 615">
     <span class='ocr_line' id='line_1_2' title="bbox 213 451 1159 539; baseline -0.004 -22"><span class='ocrx_word' id='word_1_5' title='bbox 213 458 316 539; x_wconf 89' lang='lat' dir='ltr'><strong>potest</strong></span> <span class='ocrx_word' id='word_1_6' title='bbox 329 452 468 516; x_wconf 85' lang='lat' dir='ltr'><strong>ordinari</strong></span> <span class='ocrx_word' id='word_1_7' title='bbox 483 453 543 515; x_wconf 91' lang='lat' dir='ltr'><strong>nisi</strong></span> <span class='ocrx_word' id='word_1_8' title='bbox 556 471 576 513; x_wconf 88' lang='lat' dir='ltr'><strong>a</strong></span> <span class='ocrx_word' id='word_1_9' title='bbox 588 470 646 514; x_wconf 91' lang='lat' dir='ltr'><strong>suo</strong></span> <span class='ocrx_word' id='word_1_10' title='bbox 666 451 812 530; x_wconf 89' lang='lat' dir='ltr'><strong>episcopo</strong></span> <span class='ocrx_word' id='word_1_11' title='bbox 834 472 840 512; x_wconf 92' lang='lat'>:</span> <span class='ocrx_word' id='word_1_12' title='bbox 865 451 985 513; x_wconf 91' lang='lat' dir='ltr'><strong>alienos</strong></span> <span class='ocrx_word' id='word_1_13' title='bbox 1007 452 1159 515; x_wconf 90' lang='lat' dir='ltr'><strong>subditos</strong></span> 
     </span>
     <span class='ocr_line' id='line_1_3' title="bbox 214 550 577 615; baseline -0.014 0"><span class='ocrx_word' id='word_1_14' title='bbox 214 554 360 615; x_wconf 87' lang='lat' dir='ltr'><strong>ordinare</strong></span> <span class='ocrx_word' id='word_1_15' title='bbox 375 550 506 612; x_wconf 87' lang='lat' dir='ltr'><strong>vetitum</strong></span> <span class='ocrx_word' id='word_1_16' title='bbox 520 552 577 611; x_wconf 92' lang='lat' dir='ltr'><strong>est.</strong></span> 
     </span>
    </p>

    <p class='ocr_par' dir='ltr' id='par_1_3' title="bbox 213 644 1160 1395">
     <span class='ocr_line' id='line_1_4' title="bbox 253 644 1158 723; baseline -0.006 -13"><span class='ocrx_word' id='word_1_17' title='bbox 253 652 333 712; x_wconf 78' lang='lat' dir='ltr'><strong>Ante</strong></span> <span class='ocrx_word' id='word_1_18' title='bbox 348 646 449 709; x_wconf 77' lang='lat' dir='ltr'><strong>Bonis.</strong></span> <span class='ocrx_word' id='word_1_19' title='bbox 465 647 547 709; x_wconf 85' lang='lat' dir='ltr'><strong>vlll.</strong></span> <span class='ocrx_word' id='word_1_20' title='bbox 565 663 634 723; x_wconf 90' lang='lat' dir='ltr'><strong>cap.</strong></span> <span class='ocrx_word' id='word_1_21' title='bbox 652 660 700 706; x_wconf 91' lang='lat'>111.</span> <span class='ocrx_word' id='word_1_22' title='bbox 718 644 757 705; x_wconf 87' lang='lat' dir='ltr'><strong>de</strong></span> <span class='ocrx_word' id='word_1_23' title='bbox 776 646 918 723; x_wconf 87' lang='lat' dir='ltr'><strong>tempore</strong></span> <span class='ocrx_word' id='word_1_24' title='bbox 940 644 1158 707; x_wconf 77' lang='lat' dir='ltr'><strong>ordinationis</strong></span> 
     </span>
     <span class='ocr_line' id='line_1_5' title="bbox 213 740 1160 826; baseline -0.007 -18"><span class='ocrx_word' id='word_1_25' title='bbox 213 748 291 823; x_wconf 87' lang='grc'><strong>106,</strong></span> <span class='ocrx_word' id='word_1_26' title='bbox 308 744 556 826; x_wconf 82' lang='lat' dir='ltr'><strong>quilaicuserat</strong></span> <span class='ocrx_word' id='word_1_27' title='bbox 575 761 595 802; x_wconf 90' lang='lat' dir='ltr'><strong>a</strong></span> <span class='ocrx_word' id='word_1_28' title='bbox 616 740 727 821; x_wconf 85' lang='lat' dir='ltr'><strong>quovis</strong></span> <span class='ocrx_word' id='word_1_29' title='bbox 751 740 896 819; x_wconf 89' lang='lat' dir='ltr'><strong>episcopo</strong></span> <span class='ocrx_word' id='word_1_30' title='bbox 917 742 1050 818; x_wconf 87' lang='lat' dir='ltr'><strong>poterat</strong></span> <span class='ocrx_word' id='word_1_31' title='bbox 1074 742 1160 801; x_wconf 90' lang='lat' dir='ltr'><strong>ordi-</strong></span> 
     </span>
     <span class='ocr_line' id='line_1_6' title="bbox 215 834 1156 919; baseline -0.01 -13"><span class='ocrx_word' id='word_1_32' title='bbox 215 845 298 917; x_wconf 81' lang='lat' dir='ltr'><strong>nari3</strong></span> <span class='ocrx_word' id='word_1_33' title='bbox 311 842 366 903; x_wconf 91' lang='lat' dir='ltr'><strong>sed</strong></span> <span class='ocrx_word' id='word_1_34' title='bbox 381 860 418 901; x_wconf 85' lang='lat' dir='ltr'><strong>ex</strong></span> <span class='ocrx_word' id='word_1_35' title='bbox 433 840 536 919; x_wconf 88' lang='lat' dir='ltr'><strong>prima</strong></span> <span class='ocrx_word' id='word_1_36' title='bbox 548 838 602 899; x_wconf 87' lang='lat' dir='ltr'><strong>illa</strong></span> <span class='ocrx_word' id='word_1_37' title='bbox 616 837 813 900; x_wconf 87' lang='lat' dir='ltr'><strong>ordinatione</strong></span> <span class='ocrx_word' id='word_1_38' title='bbox 828 854 891 916; x_wconf 86' lang='lat' dir='ltr'><strong>qua</strong></span> <span class='ocrx_word' id='word_1_39' title='bbox 906 834 1114 900; x_wconf 74' lang='lat' dir='ltr'><strong>referebatur</strong></span> <span class='ocrx_word' id='word_1_40' title='bbox 1126 840 1156 899; x_wconf 94' lang='lat' dir='ltr'><strong>in</strong></span> 
     </span>
     <span class='ocr_line' id='line_1_7' title="bbox 215 932 1155 1016; baseline -0.009 -16"><span class='ocrx_word' id='word_1_41' title='bbox 215 940 351 1013; x_wconf 87' lang='lat' dir='ltr'><strong>clerum,</strong></span> <span class='ocrx_word' id='word_1_42' title='bbox 376 936 543 1016; x_wconf 87' lang='lat' dir='ltr'><strong>peculiaris</strong></span> <span class='ocrx_word' id='word_1_43' title='bbox 563 933 711 995; x_wconf 80' lang='lat' dir='ltr'><strong>Ecclesia</strong></span> <span class='ocrx_word' id='word_1_44' title='bbox 731 932 857 994; x_wconf 81' lang='grc'><strong>66111110</strong></span> <span class='ocrx_word' id='word_1_45' title='bbox 886 932 1155 1012; x_wconf 80' lang='lat' dir='ltr'><strong>mancipabatur,</strong></span> 
     </span>
     <span class='ocr_line' id='line_1_8' title="bbox 213 1026 1155 1111; baseline -0.01 -17"><span class='ocrx_word' id='word_1_46' title='bbox 213 1034 297 1095; x_wconf 91' lang='lat' dir='ltr'><strong>illius</strong></span> <span class='ocrx_word' id='word_1_47' title='bbox 311 1032 457 1111; x_wconf 90' lang='lat' dir='ltr'><strong>episcopa</strong></span> <span class='ocrx_word' id='word_1_48' title='bbox 471 1030 697 1111; x_wconf 77' lang='lat' dir='ltr'><strong>subjiciebatur</strong></span> <span class='ocrx_word' id='word_1_49' title='bbox 711 1030 743 1091; x_wconf 92' lang='grc'><strong>61</strong></span> <span class='ocrx_word' id='word_1_50' title='bbox 756 1028 796 1087; x_wconf 85' lang='lat' dir='ltr'><strong>ab</strong></span> <span class='ocrx_word' id='word_1_51' title='bbox 811 1044 848 1087; x_wconf 90' lang='lat' dir='ltr'><strong>eo</strong></span> <span class='ocrx_word' id='word_1_52' title='bbox 863 1029 988 1089; x_wconf 87' lang='lat' dir='ltr'><strong>tantum</strong></span> <span class='ocrx_word' id='word_1_53' title='bbox 1010 1026 1155 1107; x_wconf 89' lang='lat' dir='ltr'><strong>reliquos</strong></span> 
     </span>
     <span class='ocr_line' id='line_1_9' title="bbox 215 1120 1156 1206; baseline -0.01 -16"><span class='ocrx_word' id='word_1_54' title='bbox 215 1128 341 1190; x_wconf 89' lang='lat' dir='ltr'><strong>ordines</strong></span> <span class='ocrx_word' id='word_1_55' title='bbox 361 1129 485 1206; x_wconf 87' lang='lat' dir='ltr'><strong>poterat</strong></span> <span class='ocrx_word' id='word_1_56' title='bbox 505 1126 655 1203; x_wconf 89' lang='lat' dir='ltr'><strong>recipere.</strong></span> <span class='ocrx_word' id='word_1_57' title='bbox 680 1123 743 1185; x_wconf 87' lang='lat' dir='ltr'><strong>Sed</strong></span> <span class='ocrx_word' id='word_1_58' title='bbox 763 1120 865 1183; x_wconf 87' lang='lat' dir='ltr'><strong>Bonil.</strong></span> <span class='ocrx_word' id='word_1_59' title='bbox 894 1122 964 1183; x_wconf 84' lang='lat' dir='ltr'>VIII</span> <span class='ocrx_word' id='word_1_60' title='bbox 995 1121 1156 1201; x_wconf 79' lang='lat' dir='ltr'><strong>triplicem</strong></span> 
     </span>
     <span class='ocr_line' id='line_1_10' title="bbox 216 1216 1155 1302; baseline -0.006 -17"><span class='ocrx_word' id='word_1_61' title='bbox 216 1221 355 1285; x_wconf 83' lang='lat' dir='ltr'><strong>distinxit</strong></span> <span class='ocrx_word' id='word_1_62' title='bbox 369 1239 496 1283; x_wconf 89' lang='lat' dir='ltr'><strong>causam</strong></span> <span class='ocrx_word' id='word_1_63' title='bbox 511 1240 575 1302; x_wconf 88' lang='lat' dir='ltr'><strong>qua</strong></span> <span class='ocrx_word' id='word_1_64' title='bbox 592 1223 699 1299; x_wconf 88' lang='lat' dir='ltr'><strong>posset</strong></span> <span class='ocrx_word' id='word_1_65' title='bbox 719 1218 759 1280; x_wconf 90' lang='lat' dir='ltr'><strong>ab</strong></span> <span class='ocrx_word' id='word_1_66' title='bbox 780 1218 926 1297; x_wconf 87' lang='lat' dir='ltr'><strong>episcopo</strong></span> <span class='ocrx_word' id='word_1_67' title='bbox 952 1216 1074 1296; x_wconf 87' lang='lat' dir='ltr'><strong>aliquis</strong></span> <span class='ocrx_word' id='word_1_68' title='bbox 1099 1219 1155 1302; x_wconf 83' lang='grc'><strong>1116</strong></span> 
     </span>
     <span class='ocr_line' id='line_1_11' title="bbox 215 1311 895 1395; baseline -0.007 -19"><span class='ocrx_word' id='word_1_69' title='bbox 215 1314 379 1377; x_wconf 87' lang='lat' dir='ltr'><strong>ordinari:</strong></span> <span class='ocrx_word' id='word_1_70' title='bbox 398 1316 492 1395; x_wconf 76' lang='lat' dir='ltr'><strong>oripo,</strong></span> <span class='ocrx_word' id='word_1_71' title='bbox 510 1314 689 1394; x_wconf 78' lang='lat' dir='ltr'><strong>beneficiam,</strong></span> <span class='ocrx_word' id='word_1_72' title='bbox 705 1311 895 1373; x_wconf 78' lang='lat' dir='ltr'><strong>domicilium.</strong></span> 
     </span>
    </p>

    <p class='ocr_par' dir='ltr' id='par_1_4' title="bbox 214 1405 1157 1765">
     <span class='ocr_line' id='line_1_12' title="bbox 253 1405 1155 1487; baseline -0.002 -18"><span class='ocrx_word' id='word_1_73' title='bbox 253 1407 427 1485; x_wconf 80' lang='lat' dir='ltr'><strong>Episcopus</strong></span> <span class='ocrx_word' id='word_1_74' title='bbox 441 1407 564 1487; x_wconf 74' lang='lat' dir='ltr'><strong>oriqiais</strong></span> <span class='ocrx_word' id='word_1_75' title='bbox 576 1406 640 1484; x_wconf 89' lang='lat' dir='ltr'><strong>ille,</strong></span> <span class='ocrx_word' id='word_1_76' title='bbox 657 1408 689 1467; x_wconf 92' lang='lat' dir='ltr'><strong>in</strong></span> <span class='ocrx_word' id='word_1_77' title='bbox 703 1405 793 1485; x_wconf 84' lang='lat' dir='ltr'><strong>cujus</strong></span> <span class='ocrx_word' id='word_1_78' title='bbox 808 1406 946 1483; x_wconf 87' lang='lat' dir='ltr'><strong>dioecesi,</strong></span> <span class='ocrx_word' id='word_1_79' title='bbox 963 1424 1029 1468; x_wconf 89' lang='lat' dir='ltr'><strong>non</strong></span> <span class='ocrx_word' id='word_1_80' title='bbox 1045 1410 1155 1469; x_wconf 78' lang='lat' dir='ltr'><strong>tamen</strong></span> 
     </span>
     <span class='ocr_line' id='line_1_13' title="bbox 215 1500 1157 1583; baseline 0.001 -18"><span class='ocrx_word' id='word_1_81' title='bbox 215 1523 254 1565; x_wconf 82' lang='lat' dir='ltr'><strong>ex</strong></span> <span class='ocrx_word' id='word_1_82' title='bbox 267 1501 422 1565; x_wconf 87' lang='lat' dir='ltr'><strong>accidenti</strong></span> <span class='ocrx_word' id='word_1_83' title='bbox 436 1503 485 1564; x_wconf 89' lang='lat' dir='ltr'><strong>vel</strong></span> <span class='ocrx_word' id='word_1_84' title='bbox 499 1500 641 1581; x_wconf 86' lang='lat' dir='ltr'><strong>fortuito,</strong></span> <span class='ocrx_word' id='word_1_85' title='bbox 657 1505 749 1564; x_wconf 88' lang='lat' dir='ltr'><strong>uatus</strong></span> <span class='ocrx_word' id='word_1_86' title='bbox 770 1504 826 1564; x_wconf 86' lang='lat' dir='ltr'><strong>est.</strong></span> <span class='ocrx_word' id='word_1_87' title='bbox 855 1501 886 1564; x_wconf 90' lang='lat' dir='ltr'><strong>Si</strong></span> <span class='ocrx_word' id='word_1_88' title='bbox 908 1501 1054 1580; x_wconf 89' lang='lat' dir='ltr'><strong>fortuito,</strong></span> <span class='ocrx_word' id='word_1_89' title='bbox 1080 1509 1157 1583; x_wconf 83' lang='lat' dir='ltr'><strong>puta</strong></span> 
     </span>
     <span class='ocr_line' id='line_1_14' title="bbox 215 1597 1156 1679; baseline -0.002 -16"><span class='ocrx_word' id='word_1_90' title='bbox 215 1620 311 1663; x_wconf 86' lang='lat' dir='ltr'><strong>causa</strong></span> <span class='ocrx_word' id='word_1_91' title='bbox 323 1600 456 1678; x_wconf 88' lang='lat' dir='ltr'><strong>itineris,</strong></span> <span class='ocrx_word' id='word_1_92' title='bbox 472 1599 650 1679; x_wconf 79' lang='lat' dir='ltr'><strong>legationis,</strong></span> <span class='ocrx_word' id='word_1_93' title='bbox 673 1597 805 1660; x_wconf 83' lang='lat' dir='ltr'><strong>officii...</strong></span> <span class='ocrx_word' id='word_1_94' title='bbox 830 1598 917 1675; x_wconf 79' lang='lat' dir='ltr'><strong>origo</strong></span> <span class='ocrx_word' id='word_1_95' title='bbox 938 1600 1040 1677; x_wconf 88' lang='lat' dir='ltr'><strong>patris</strong></span> <span class='ocrx_word' id='word_1_96' title='bbox 1064 1618 1156 1679; x_wconf 91' lang='lat' dir='ltr'><strong>spec-</strong></span> 
     </span>
     <span class='ocr_line' id='line_1_15' title="bbox 214 1700 761 1765; baseline -0.005 -7"><span class='ocrx_word' id='word_1_97' title='bbox 214 1700 309 1758; x_wconf 88' lang='lat' dir='ltr'><strong>tatur.</strong></span> <span class='ocrx_word' id='word_1_98' title='bbox 554 1753 563 1765; x_wconf 82' lang='grc'><strong><em>,</em></strong></span> <span class='ocrx_word' id='word_1_99' title='bbox 758 1714 761 1719; x_wconf 91' lang='grc'><strong><em>·</em></strong></span> 
     </span>
    </p>

    <p class='ocr_par' dir='ltr' id='par_1_5' title="bbox 212 1785 1157 2237">
     <span class='ocr_line' id='line_1_16' title="bbox 254 1785 1157 1869; baseline 0.004 -21"><span class='ocrx_word' id='word_1_100' title='bbox 254 1788 427 1867; x_wconf 77' lang='lat' dir='ltr'><strong>Episcopus</strong></span> <span class='ocrx_word' id='word_1_101' title='bbox 442 1785 573 1864; x_wconf 76' lang='lat' dir='ltr'><strong>beneficii</strong></span> <span class='ocrx_word' id='word_1_102' title='bbox 584 1786 636 1847; x_wconf 94' lang='lat' dir='ltr'><strong>ille</strong></span> <span class='ocrx_word' id='word_1_103' title='bbox 651 1786 683 1847; x_wconf 88' lang='lat' dir='ltr'><strong>in</strong></span> <span class='ocrx_word' id='word_1_104' title='bbox 705 1786 794 1867; x_wconf 86' lang='lat' dir='ltr'><strong>cujus</strong></span> <span class='ocrx_word' id='word_1_105' title='bbox 815 1787 942 1851; x_wconf 88' lang='lat' dir='ltr'><strong>dioecesi</strong></span> <span class='ocrx_word' id='word_1_106' title='bbox 962 1790 1033 1869; x_wconf 84' lang='lat' dir='ltr'><strong>quis</strong></span> <span class='ocrx_word' id='word_1_107' title='bbox 1055 1791 1157 1853; x_wconf 83' lang='lat' dir='ltr'><strong>habet</strong></span> 
     </span>
     <span class='ocr_line' id='line_1_17' title="bbox 214 1880 1155 1963; baseline 0 -20"><span class='ocrx_word' id='word_1_108' title='bbox 214 1880 441 1943; x_wconf 86' lang='lat' dir='ltr'><strong>beneficium...</strong></span> <span class='ocrx_word' id='word_1_109' title='bbox 471 1880 565 1941; x_wconf 91' lang='lat' dir='ltr'><strong>modo</strong></span> <span class='ocrx_word' id='word_1_110' title='bbox 594 1880 662 1961; x_wconf 85' lang='lat' dir='ltr'><strong>ejus</strong></span> <span class='ocrx_word' id='word_1_111' title='bbox 688 1881 830 1945; x_wconf 90' lang='lat' dir='ltr'><strong>redditus</strong></span> <span class='ocrx_word' id='word_1_112' title='bbox 857 1883 938 1944; x_wconf 90' lang='lat' dir='ltr'><strong>sacri</strong></span> <span class='ocrx_word' id='word_1_113' title='bbox 965 1885 1155 1963; x_wconf 90' lang='lat' dir='ltr'><strong>patrimonii</strong></span> 
     </span>
     <span class='ocr_line' id='line_1_18' title="bbox 212 1976 1155 2059; baseline 0.001 -18"><span class='ocrx_word' id='word_1_114' title='bbox 212 1986 318 2041; x_wconf 84' lang='lat' dir='ltr'><strong>texam</strong></span> <span class='ocrx_word' id='word_1_115' title='bbox 331 1978 501 2057; x_wconf 84' lang='lat' dir='ltr'><strong>adaequent</strong></span> <span class='ocrx_word' id='word_1_116' title='bbox 515 1976 660 2053; x_wconf 85' lang='lat' dir='ltr'><strong>dioecesis</strong></span> <span class='ocrx_word' id='word_1_117' title='bbox 675 1979 724 2039; x_wconf 81' lang='lat' dir='ltr'><strong>rel</strong></span> <span class='ocrx_word' id='word_1_118' title='bbox 740 1978 867 2059; x_wconf 77' lang='lat' dir='ltr'><strong>originis</strong></span> <span class='ocrx_word' id='word_1_119' title='bbox 886 1980 912 2041; x_wconf 90' lang='lat' dir='ltr'><strong>si</strong></span> <span class='ocrx_word' id='word_1_120' title='bbox 921 1980 1155 2047; x_wconf 85' lang='lat' dir='ltr'><strong>beneficiarius</strong></span> 
     </span>
     <span class='ocr_line' id='line_1_19' title="bbox 213 2074 1156 2157; baseline 0 -17"><span class='ocrx_word' id='word_1_121' title='bbox 213 2082 246 2140; x_wconf 90' lang='lat' dir='ltr'><strong>in</strong></span> <span class='ocrx_word' id='word_1_122' title='bbox 261 2096 300 2139; x_wconf 85' lang='lat' dir='ltr'><strong>ea</strong></span> <span class='ocrx_word' id='word_1_123' title='bbox 312 2079 508 2157; x_wconf 87' lang='lat' dir='ltr'><strong>permaneat,</strong></span> <span class='ocrx_word' id='word_1_124' title='bbox 524 2076 576 2137; x_wconf 85' lang='lat' dir='ltr'><strong>vel</strong></span> <span class='ocrx_word' id='word_1_125' title='bbox 588 2074 743 2151; x_wconf 87' lang='lat' dir='ltr'><strong>beneficii,</strong></span> <span class='ocrx_word' id='word_1_126' title='bbox 761 2075 786 2135; x_wconf 89' lang='lat' dir='ltr'><strong>si</strong></span> <span class='ocrx_word' id='word_1_127' title='bbox 802 2076 842 2137; x_wconf 89' lang='lat' dir='ltr'><strong>ad</strong></span> <span class='ocrx_word' id='word_1_128' title='bbox 858 2095 928 2138; x_wconf 89' lang='lat' dir='ltr'><strong>eam</strong></span> <span class='ocrx_word' id='word_1_129' title='bbox 942 2095 1035 2138; x_wconf 89' lang='lat' dir='ltr'><strong>suum</strong></span> <span class='ocrx_word' id='word_1_130' title='bbox 1049 2082 1156 2140; x_wconf 85' lang='lat' dir='ltr'><strong>trans-</strong></span> 
     </span>
     <span class='ocr_line' id='line_1_20' title="bbox 214 2173 511 2237; baseline -0.01 -2"><span class='ocrx_word' id='word_1_131' title='bbox 214 2175 294 2237; x_wconf 85' lang='lat' dir='ltr'><strong>ferat</strong></span> <span class='ocrx_word' id='word_1_132' title='bbox 308 2173 511 2235; x_wconf 89' lang='lat' dir='ltr'><strong>domicilium.</strong></span> 
     </span>
    </p>

    <p class='ocr_par' dir='ltr' id='par_1_6' title="bbox 148 2269 1158 3115">
     <span class='ocr_line' id='line_1_21' title="bbox 254 2269 1157 2350; baseline 0.002 -19"><span class='ocrx_word' id='word_1_133' title='bbox 254 2272 427 2349; x_wconf 77' lang='lat' dir='ltr'><strong>Episcopus</strong></span> <span class='ocrx_word' id='word_1_134' title='bbox 440 2269 583 2331; x_wconf 81' lang='lat' dir='ltr'><strong>domicilii</strong></span> <span class='ocrx_word' id='word_1_135' title='bbox 600 2271 628 2330; x_wconf 89' lang='lat' dir='ltr'><strong>is</strong></span> <span class='ocrx_word' id='word_1_136' title='bbox 648 2271 680 2331; x_wconf 92' lang='lat' dir='ltr'><strong>in</strong></span> <span class='ocrx_word' id='word_1_137' title='bbox 702 2269 792 2349; x_wconf 86' lang='lat' dir='ltr'><strong>cujus</strong></span> <span class='ocrx_word' id='word_1_138' title='bbox 813 2269 940 2332; x_wconf 85' lang='lat' dir='ltr'><strong>dioecesi</strong></span> <span class='ocrx_word' id='word_1_139' title='bbox 962 2271 1032 2350; x_wconf 86' lang='lat' dir='ltr'><strong>quis</strong></span> <span class='ocrx_word' id='word_1_140' title='bbox 1057 2290 1157 2335; x_wconf 88' lang='lat' dir='ltr'><strong>suum</strong></span> 
     </span>
     <span class='ocr_line' id='line_1_22' title="bbox 216 2364 1157 2444; baseline 0.002 -18"><span class='ocrx_word' id='word_1_141' title='bbox 216 2366 312 2426; x_wconf 82' lang='lat' dir='ltr'><strong>habet</strong></span> <span class='ocrx_word' id='word_1_142' title='bbox 325 2364 527 2426; x_wconf 89' lang='lat' dir='ltr'><strong>domicilium.</strong></span> <span class='ocrx_word' id='word_1_143' title='bbox 544 2366 743 2428; x_wconf 89' lang='lat' dir='ltr'><strong>Domicilium</strong></span> <span class='ocrx_word' id='word_1_144' title='bbox 756 2366 789 2426; x_wconf 91' lang='lat' dir='ltr'><strong>in</strong></span> <span class='ocrx_word' id='word_1_145' title='bbox 804 2384 841 2427; x_wconf 93' lang='lat' dir='ltr'><strong>eo</strong></span> <span class='ocrx_word' id='word_1_146' title='bbox 855 2366 924 2428; x_wconf 92' lang='lat' dir='ltr'><strong>loco</strong></span> <span class='ocrx_word' id='word_1_147' title='bbox 944 2367 1013 2444; x_wconf 90' lang='lat' dir='ltr'><strong>quis</strong></span> <span class='ocrx_word' id='word_1_148' title='bbox 1028 2366 1157 2430; x_wconf 87' lang='lat' dir='ltr'><strong>babere</strong></span> 
     </span>
     <span class='ocr_line' id='line_1_23' title="bbox 215 2455 1158 2540; baseline 0.001 -21"><span class='ocrx_word' id='word_1_149' title='bbox 215 2458 328 2519; x_wconf 92' lang='lat' dir='ltr'><strong>dicitur</strong></span> <span class='ocrx_word' id='word_1_150' title='bbox 343 2455 394 2517; x_wconf 91' lang='lat' dir='ltr'><strong>ubi</strong></span> <span class='ocrx_word' id='word_1_151' title='bbox 409 2457 508 2518; x_wconf 86' lang='lat' dir='ltr'><strong>larem</strong></span> <span class='ocrx_word' id='word_1_152' title='bbox 522 2477 691 2539; x_wconf 86' lang='lat' dir='ltr'><strong>rerumque</strong></span> <span class='ocrx_word' id='word_1_153' title='bbox 708 2462 802 2540; x_wconf 88' lang='lat' dir='ltr'><strong>atque</strong></span> <span class='ocrx_word' id='word_1_154' title='bbox 813 2459 1009 2522; x_wconf 84' lang='lat' dir='ltr'><strong>fortunarum</strong></span> <span class='ocrx_word' id='word_1_155' title='bbox 1019 2477 1158 2522; x_wconf 88' lang='lat' dir='ltr'><strong>suarum</strong></span> 
     </span>
     <span class='ocr_line' id='line_1_24' title="bbox 215 2554 1158 2617; baseline 0.002 -3"><span class='ocrx_word' id='word_1_156' title='bbox 215 2572 372 2615; x_wconf 88' lang='lat' dir='ltr'><strong>summam</strong></span> <span class='ocrx_word' id='word_1_157' title='bbox 382 2555 560 2617; x_wconf 88' lang='lat' dir='ltr'><strong>constituit:</strong></span> <span class='ocrx_word' id='word_1_158' title='bbox 575 2554 657 2616; x_wconf 90' lang='lat' dir='ltr'><strong>unde</strong></span> <span class='ocrx_word' id='word_1_159' title='bbox 668 2573 732 2616; x_wconf 90' lang='lat' dir='ltr'><strong>non</strong></span> <span class='ocrx_word' id='word_1_160' title='bbox 746 2556 785 2617; x_wconf 90' lang='lat' dir='ltr'><strong>sit</strong></span> <span class='ocrx_word' id='word_1_161' title='bbox 799 2573 907 2616; x_wconf 90' lang='lat' dir='ltr'><strong>rursus</strong></span> <span class='ocrx_word' id='word_1_162' title='bbox 922 2555 1118 2617; x_wconf 83' lang='lat' dir='ltr'><strong>decessurus</strong></span> <span class='ocrx_word' id='word_1_163' title='bbox 1133 2559 1158 2616; x_wconf 89' lang='lat' dir='ltr'><strong>si</strong></span> 
     </span>
     <span class='ocr_line' id='line_1_25' title="bbox 214 2646 1157 2728; baseline -0.004 -18"><span class='ocrx_word' id='word_1_164' title='bbox 214 2647 428 2723; x_wconf 89' lang='lat' dir='ltr'><strong>nihilavocet,</strong></span> <span class='ocrx_word' id='word_1_165' title='bbox 453 2648 596 2728; x_wconf 86' lang='lat' dir='ltr'><strong>adeoque</strong></span> <span class='ocrx_word' id='word_1_166' title='bbox 619 2664 727 2727; x_wconf 90' lang='lat' dir='ltr'><strong>quum,</strong></span> <span class='ocrx_word' id='word_1_167' title='bbox 753 2647 793 2710; x_wconf 90' lang='lat' dir='ltr'><strong>sit</strong></span> <span class='ocrx_word' id='word_1_168' title='bbox 812 2646 982 2725; x_wconf 82' lang='lat' dir='ltr'><strong>proiectus,</strong></span> <span class='ocrx_word' id='word_1_169' title='bbox 1005 2649 1157 2727; x_wconf 82' lang='lat' dir='ltr'><strong>peregri-</strong></span> 
     </span>
     <span class='ocr_line' id='line_1_26' title="bbox 214 2741 1157 2824; baseline -0.004 -16"><span class='ocrx_word' id='word_1_170' title='bbox 214 2745 284 2808; x_wconf 89' lang='lat' dir='ltr'><strong>nari</strong></span> <span class='ocrx_word' id='word_1_171' title='bbox 301 2745 445 2820; x_wconf 88' lang='lat' dir='ltr'><strong>videtur;</strong></span> <span class='ocrx_word' id='word_1_172' title='bbox 467 2763 528 2824; x_wconf 89' lang='lat' dir='ltr'><strong>quo</strong></span> <span class='ocrx_word' id='word_1_173' title='bbox 543 2744 569 2804; x_wconf 91' lang='lat' dir='ltr'><strong>si</strong></span> <span class='ocrx_word' id='word_1_174' title='bbox 593 2743 697 2820; x_wconf 87' lang='lat' dir='ltr'><strong>rediit,&#39;</strong></span> <span class='ocrx_word' id='word_1_175' title='bbox 721 2743 917 2822; x_wconf 85' lang='lat' dir='ltr'><strong>peregrinari</strong></span> <span class='ocrx_word' id='word_1_176' title='bbox 940 2759 1002 2803; x_wconf 88' lang='lat' dir='ltr'><strong>non</strong></span> <span class='ocrx_word' id='word_1_177' title='bbox 1026 2741 1157 2805; x_wconf 89' lang='lat' dir='ltr'><strong>destitit</strong></span> 
     </span>
     <span class='ocr_line' id='line_1_27' title="bbox 215 2839 1155 2924; baseline -0.006 -18"><span class='ocrx_word' id='word_1_178' title='bbox 215 2844 260 2924; x_wconf 80' lang='lat' dir='ltr'><strong>(L.</strong></span> <span class='ocrx_word' id='word_1_179' title='bbox 277 2844 307 2906; x_wconf 88' lang='lat' dir='ltr'><strong>J.</strong></span> <span class='ocrx_word' id='word_1_180' title='bbox 324 2844 358 2905; x_wconf 86' lang='lat' dir='ltr'><strong>G.</strong></span> <span class='ocrx_word' id='word_1_181' title='bbox 375 2842 416 2903; x_wconf 92' lang='lat' dir='ltr'><strong>de</strong></span> <span class='ocrx_word' id='word_1_182' title='bbox 430 2839 564 2919; x_wconf 88' lang='lat' dir='ltr'><strong>ineolis).</strong></span> <span class='ocrx_word' id='word_1_183' title='bbox 581 2841 664 2919; x_wconf 84' lang='lat' dir='ltr'><strong>Ergo</strong></span> <span class='ocrx_word' id='word_1_184' title='bbox 686 2839 834 2901; x_wconf 90' lang='lat' dir='ltr'><strong>diuturna</strong></span> <span class='ocrx_word' id='word_1_185' title='bbox 847 2855 937 2924; x_wconf 88' lang='lat' dir='ltr'><strong>mora</strong></span> <span class='ocrx_word' id='word_1_186' title='bbox 950 2854 1023 2899; x_wconf 93' lang='lat' dir='ltr'><strong>cum</strong></span> <span class='ocrx_word' id='word_1_187' title='bbox 1038 2840 1155 2900; x_wconf 77' lang='lat' dir='ltr'><strong>culmo</strong></span> 
     </span>
     <span class='ocr_line' id='line_1_28' title="bbox 148 2934 1156 3021; baseline -0.007 -19"><span class='ocrx_word' id='word_1_188' title='bbox 148 2945 150 2948; x_wconf 51' lang='lat'><em>⁴</em></span> <span class='ocrx_word' id='word_1_189' title='bbox 212 2937 420 3021; x_wconf 89' lang='lat' dir='ltr'><strong>permanendi</strong></span> <span class='ocrx_word' id='word_1_190' title='bbox 434 2935 627 2999; x_wconf 86' lang='lat' dir='ltr'><strong>domicilium</strong></span> <span class='ocrx_word' id='word_1_191' title='bbox 641 2935 814 3014; x_wconf 88' lang='lat' dir='ltr'><strong>acquiritur</strong></span> <span class='ocrx_word' id='word_1_192' title='bbox 834 2934 1005 3014; x_wconf 90' lang='lat' dir='ltr'><strong>(ponuntur</strong></span> <span class='ocrx_word' id='word_1_193' title='bbox 1024 2935 1050 2994; x_wconf 91' lang='lat' dir='ltr'>X</span> <span class='ocrx_word' id='word_1_194' title='bbox 1077 2936 1156 2998; x_wconf 87' lang='lat' dir='ltr'><strong>anni</strong></span> 
     </span>
     <span class='ocr_line' id='line_1_29' title="bbox 214 3031 677 3115; baseline -0.015 -17"><span class='ocrx_word' id='word_1_195' title='bbox 214 3055 286 3098; x_wconf 89' lang='lat' dir='ltr'><strong>oum</strong></span> <span class='ocrx_word' id='word_1_196' title='bbox 297 3035 476 3115; x_wconf 88' lang='lat' dir='ltr'><strong>juramento</strong></span> <span class='ocrx_word' id='word_1_197' title='bbox 493 3033 532 3094; x_wconf 90' lang='lat' dir='ltr'><strong>de</strong></span> <span class='ocrx_word' id='word_1_198' title='bbox 547 3031 677 3111; x_wconf 89' lang='lat' dir='ltr'><strong>animo).</strong></span> 
     </span>
    </p>

    <p class='ocr_par' dir='ltr' id='par_1_7' title="bbox 214 3126 1156 3590">
     <span class='ocr_line' id='line_1_30' title="bbox 254 3126 1155 3209; baseline -0.001 -17"><span class='ocrx_word' id='word_1_199' title='bbox 254 3131 389 3192; x_wconf 89' lang='lat' dir='ltr'><strong>Additur</strong></span> <span class='ocrx_word' id='word_1_200' title='bbox 402 3133 435 3192; x_wconf 93' lang='grc'><strong>61</strong></span> <span class='ocrx_word' id='word_1_201' title='bbox 449 3130 615 3209; x_wconf 91' lang='lat' dir='ltr'><strong>episcopus</strong></span> <span class='ocrx_word' id='word_1_202' title='bbox 635 3126 849 3208; x_wconf 82' lang='lat' dir='ltr'><strong>familiaritatis</strong></span> <span class='ocrx_word' id='word_1_203' title='bbox 870 3127 924 3207; x_wconf 89' lang='lat' dir='ltr'><strong>qui</strong></span> <span class='ocrx_word' id='word_1_204' title='bbox 942 3128 1046 3206; x_wconf 87' lang='lat' dir='ltr'><strong>potest</strong></span> <span class='ocrx_word' id='word_1_205' title='bbox 1067 3130 1155 3191; x_wconf 90' lang='lat' dir='ltr'><strong>ordi-</strong></span> 
     </span>
     <span class='ocr_line' id='line_1_31' title="bbox 215 3222 1156 3301; baseline 0 -15"><span class='ocrx_word' id='word_1_206' title='bbox 215 3243 291 3286; x_wconf 88' lang='lat' dir='ltr'><strong>nare</strong></span> <span class='ocrx_word' id='word_1_207' title='bbox 306 3224 493 3286; x_wconf 84' lang='lat' dir='ltr'><strong>familiarem</strong></span> <span class='ocrx_word' id='word_1_208' title='bbox 507 3243 611 3301; x_wconf 90' lang='lat' dir='ltr'><strong>suum,</strong></span> <span class='ocrx_word' id='word_1_209' title='bbox 627 3224 701 3286; x_wconf 89' lang='lat' dir='ltr'><strong>licet</strong></span> <span class='ocrx_word' id='word_1_210' title='bbox 715 3241 778 3285; x_wconf 91' lang='lat' dir='ltr'><strong>uon</strong></span> <span class='ocrx_word' id='word_1_211' title='bbox 792 3222 963 3298; x_wconf 89' lang='lat' dir='ltr'><strong>subditum,</strong></span> <span class='ocrx_word' id='word_1_212' title='bbox 976 3223 1156 3286; x_wconf 91' lang='lat' dir='ltr'><strong>dummodo</strong></span> 
     </span>
     <span class='ocr_line' id='line_1_32' title="bbox 214 3320 1155 3400; baseline 0 -19"><span class='ocrx_word' id='word_1_213' title='bbox 214 3339 272 3400; x_wconf 88' lang='lat' dir='ltr'><strong>per</strong></span> <span class='ocrx_word' id='word_1_214' title='bbox 284 3321 455 3382; x_wconf 89' lang='lat' dir='ltr'><strong>triennium</strong></span> <span class='ocrx_word' id='word_1_215' title='bbox 469 3339 531 3381; x_wconf 93' lang='lat' dir='ltr'><strong>non</strong></span> <span class='ocrx_word' id='word_1_216' title='bbox 546 3320 771 3399; x_wconf 88' lang='lat' dir='ltr'><strong>interpolatum</strong></span> <span class='ocrx_word' id='word_1_217' title='bbox 786 3336 859 3379; x_wconf 90' lang='lat' dir='ltr'><strong>cnm</strong></span> <span class='ocrx_word' id='word_1_218' title='bbox 879 3336 915 3379; x_wconf 88' lang='grc'><strong>60</strong></span> <span class='ocrx_word' id='word_1_219' title='bbox 935 3325 1155 3384; x_wconf 88' lang='lat' dir='ltr'><strong>commoratus</strong></span> 
     </span>
     <span class='ocr_line' id='line_1_33' title="bbox 216 3413 1151 3491; baseline 0 -13"><span class='ocrx_word' id='word_1_220' title='bbox 216 3414 318 3491; x_wconf 80' lang='lat' dir='ltr'><strong>fuerit,</strong></span> <span class='ocrx_word' id='word_1_221' title='bbox 336 3423 367 3476; x_wconf 88' lang='lat' dir='ltr'><strong>et</strong></span> <span class='ocrx_word' id='word_1_222' title='bbox 380 3415 568 3476; x_wconf 89' lang='lat' dir='ltr'><strong>beneficium</strong></span> <span class='ocrx_word' id='word_1_223' title='bbox 582 3416 648 3476; x_wconf 81' lang='lat' dir='ltr'><strong>sive</strong></span> <span class='ocrx_word' id='word_1_224' title='bbox 669 3414 779 3476; x_wconf 86' lang='lat' dir='ltr'><strong>fraude</strong></span> <span class='ocrx_word' id='word_1_225' title='bbox 801 3415 907 3477; x_wconf 85' lang='lat' dir='ltr'><strong>statim</strong></span> <span class='ocrx_word' id='word_1_226' title='bbox 926 3413 972 3475; x_wconf 90' lang='lat' dir='ltr'><strong>illi</strong></span> <span class='ocrx_word' id='word_1_227' title='bbox 993 3414 1151 3491; x_wconf 80' lang='lat' dir='ltr'><strong>conferat,</strong></span> 
     </span>
     <span class='ocr_line' id='line_1_34' title="bbox 215 3510 1155 3590; baseline -0.002 -17"><span class='ocrx_word' id='word_1_228' title='bbox 215 3513 275 3573; x_wconf 91' lang='lat' dir='ltr'><strong>nisi</strong></span> <span class='ocrx_word' id='word_1_229' title='bbox 293 3511 451 3573; x_wconf 82' lang='lat' dir='ltr'><strong>sufficiens</strong></span> <span class='ocrx_word' id='word_1_230' title='bbox 474 3510 698 3586; x_wconf 84' lang='lat' dir='ltr'><strong>patrimonium</strong></span> <span class='ocrx_word' id='word_1_231' title='bbox 722 3510 847 3571; x_wconf 89' lang='lat' dir='ltr'><strong>babeat.</strong></span> <span class='ocrx_word' id='word_1_232' title='bbox 874 3511 941 3571; x_wconf 87' lang='lat' dir='ltr'><strong>llac</strong></span> <span class='ocrx_word' id='word_1_233' title='bbox 963 3511 1155 3590; x_wconf 78' lang='lat' dir='ltr'><strong>intelligitur</strong></span> 
     </span>
    </p>
   </div>
   <div class='ocr_carea' id='block_1_3' title="bbox 0 0 1226 4125">
    <p class='ocr_par' dir='ltr' id='par_1_8' title="bbox 0 0 1226 4125">
     <span class='ocr_line' id='line_1_35' title="bbox 0 0 1226 4125; baseline 0 0"><span class='ocrx_word' id='word_1_234' title='bbox 0 0 1226 4125; x_wconf 95' lang='lat' dir='ltr'><strong> </strong></span> 
     </span>
    </p>
   </div>
  </div>
 </body>
</html>
