2442 4125
195 344 254 407 256
402 356 631 406 rnsrrrurroaas
651 356 734 405 rums
755 356 912 404 assonam.

542 546 554 594 ι
570 542 605 587 11.
619 553 648 586 ur
662 554 781 587 narrans.

236 680 318 741 XIII.
335 677 429 740 Sicuti
443 692 590 737 vasorum
609 677 653 738 ita
676 681 708 737 et
730 676 863 738 vestium
886 675 990 737 forma
1011 679 1131 758 quibus

195 774 338 853 primitus
353 792 410 835 usa
424 780 471 835 est
485 772 635 849 Ecclesia,
650 791 714 833 non
735 773 857 834 videtur
880 773 975 833 tuisse
999 778 1131 855 propria

196 875 228 931 et
242 869 417 950 singuiaris,
434 866 489 930 sed
504 886 541 930 ea
561 886 624 947 qua
646 868 716 930 iaici
740 868 836 930 etiam
859 868 1130 947 quemadmodum

196 963 300 1026 eleriei
313 963 346 1025 in
365 962 582 1025 communibus
603 961 675 1024 vitae
697 962 805 1023 usibus
827 963 1010 1025 utebantur.
1035 964 1128 1038 Atta,

191 1060 280 1137 juxta
295 1076 363 1135 nos,
380 1076 473 1138 quam
490 1059 587 1121 Graeoi
602 1064 715 1120 vooant
728 1058 890 1139 poderem,
907 1076 970 1118 non
985 1058 1047 1120 alia
1063 1067 1131 1121 erat

195 1171 289 1232 quam
304 1154 410 1215 innisa
424 1154 619 1229 eommunis3
637 1153 737 1215 anselo
751 1172 846 1232 qnam
857 1154 956 1215 Graeei
966 1154 1129 1232 planetam

194 1250 315 1323 dieunt,
336 1268 400 1310 non
424 1250 485 1312 alia
507 1251 604 1312 inisse
627 1249 751 1335 uidetur
773 1269 867 1329 quam
891 1251 1020 1329 pellium
1044 1254 1130 1331 quod

193 1343 365 1405 Orianiaies
383 1363 480 1425 supra
497 1346 637 1407 tunicam
648 1345 827 1426 gestabant.
849 1346 1026 1419 Delmatr'coe
1039 1355 1130 1410 erant

193 1446 296 1502 vestes
318 1441 433 1518 quibus
457 1459 550 1521 supra
574 1442 714 1503 tunieam
736 1458 935 1503 communem
958 1442 1129 1505 utebantur

193 1536 364 1611 Dalmatae3
382 1536 530 1619 cinquium
545 1554 712 1598 commune
732 1537 914 1597 cinctorium
938 1554 1001 1616 quo
1020 1539 1129 1600 tunioa

194 1633 234 1693 ad
248 1635 345 1712 pedes
355 1652 453 1713 usque
464 1634 623 1714 profluens
632 1632 843 1694 sustinebatur
857 1633 980 1695 amictus
993 1633 1129 1696 linteum

194 1728 234 1790 ad
256 1728 427 1810 tegendam
446 1729 620 1792 nuditatem
642 1728 733 1803 eolli3
758 1727 924 1809 manipulus
942 1730 1125 1803 sudarium;

193 1822 265 1885 stolo
287 1822 443 1899 orarium3
468 1824 596 1906 pluviale
618 1844 655 1887 ex
678 1825 791 1903 penula
815 1842 878 1903 qua
900 1824 1072 1888 utebantur
1094 1828 1127 1887 in

193 1920 304 1983 itinere
321 1920 496 1982 traductum
510 1922 578 1985 fuit.

234 2014 341 2079 Solum
356 2016 434 2079 seori
448 2018 580 2082 ministri
593 2021 738 2099 jamtum
759 2035 778 2079 a
800 2016 907 2094 primis
930 2018 1127 2098 temporibus

193 2115 332 2176 vestibus
345 2117 520 2178 eommunis
543 2117 650 2196 utique
673 2116 793 2189 forme,
809 2115 865 2175 sed
878 2116 1125 2194 pretiosioribus

193 2209 241 2268 usi
257 2211 383 2270 suntad
397 2211 485 2273 saera
499 2212 691 2292 peragenda.
712 2210 837 2273 Confer.
861 2211 1022 2275 Benedici.
1040 2214 1123 2275 XIV.

193 2301 268 2362 ibid.
285 2305 378 2382 capit.
395 2307 550 2385 sequenti.

233 2396 295 2456 Sed
314 2399 532 2462 resedentibus
555 2403 642 2464 laicis
669 2404 710 2464 ab
737 2402 788 2464 illo
815 2403 944 2481 antiquo
972 2405 1125 2466 vestiendi

192 2507 281 2551 more
297 2495 329 2553 et
344 2510 405 2553 uua
419 2511 491 2554 eum
505 2497 580 2576 ipsis
595 2498 715 2560 clericis
729 2498 948 2560 adamantibus
961 2500 1039 2561 alias
1053 2520 1126 2564 ves·

192 2587 289 2648 tiendi
303 2587 420 2651 formas
441 2609 499 2672 pro
522 2595 740 2656 communibus
765 2596 835 2656 vite
856 2595 975 2670 usibus,
999 2615 1128 2658 reman-

193 2689 301 2747 serunt
329 2685 390 2747 illae
418 2693 547 2751 vetustae
576 2690 726 2752 vestiendi
753 2690 860 2752 torma
889 2692 986 2753 moris
1014 2693 1125 2754 usibus

192 2782 342 2860 addietoe,
367 2801 425 2845 nee
449 2789 570 2847 tantum
589 2787 691 2864 pretio
714 2792 745 2847 et
763 2786 991 2862 destinatione,
1012 2787 1069 2848 sed
1091 2797 1125 2851 et

191 2874 291 2937 torma
305 2875 392 2938 fuere
406 2877 618 2941 differentesa
639 2879 776 2940 vestibus
799 2882 1029 2942 communibus.
1046 2882 1125 2946 aaa

191 2978 312 3034 vetusta
326 2973 427 3035 forma
440 2974 510 3054 plus
525 2975 627 3035 minus
642 2982 764 3038 servata
779 2978 837 3049 est,
862 2974 920 3036 sed
938 2976 1009 3055 plus
1024 2994 1124 3056 penes

191 3069 373 3142 Orientalea
385 3070 817 3150 minuspenesOeoideuiales
827 3073 1124 3150 quieommodiores

192 3171 293 3225 vestes
317 3165 499 3228 adamantes
527 3172 682 3238 vetustam
709 3168 964 3230 indumentorum
986 3169 1122 3232 formam

192 3261 307 3320 sensim
323 3268 352 3324 ot
367 3261 434 3323 siue
449 3280 543 3324 sensu
558 3264 643 3325 varie
658 3264 886 3327 modificarent.

232 3356 276 3413 lta
297 3373 347 3416 ex.
363 3373 393 3433 g.
420 3358 550 3436 pallium
563 3365 631 3419 erat
653 3360 828 3421 eommunis
843 3360 936 3422 vestis
959 3363 1121 3425 orientalis

192 3465 286 3526 snper
309 3451 457 3512 tunicum.
474 3456 519 3513 Eo
542 3455 591 3515 nsi
605 3462 678 3517 sunt
697 3457 791 3534 primi
811 3457 963 3537 evangelii
987 3459 1122 3522 ministri

191 3543 244 3619 qui
260 3561 297 3602 ex
313 3543 433 3604 oriente
448 3548 630 3623 prodierunt
644 3555 676 3613 et
691 3570 754 3612 una
773 3569 847 3612 oum
863 3554 1016 3633 evangelii
1041 3575 1124 3636 prae-
