2442 4125
199 303 259 364 ata
411 309 639 360 rnsrrrouonns
660 309 745 354 ronrs
767 307 922 354 ennonrcr.

199 479 290 523 secus
305 479 342 521 ao
356 459 447 520 stella
461 477 481 518 a
494 457 585 519 stella
598 455 703 516 differt
717 454 859 516 claritate
873 454 907 513 in
922 453 1028 514 coelis.
1048 451 1133 512 blnlta

200 561 304 619 esseut
318 553 453 616 dicenda
466 551 506 613 de
521 550 616 611 variis
631 549 884 630 obligationibus,
897 566 953 608 seu
970 548 1091 608 melius
1103 546 1135 604 de

199 639 351 715 ranetate'
365 646 562 728 obligationis
577 663 640 725 qua
661 645 796 724 populus
806 644 1000 705 christianus
1018 643 1136 703 illorum

199 744 404 807 celebrationi
431 739 645 820 adstringitur.
673 740 827 803 Videlicet
840 740 919 800 ritus
940 738 1136 818 singularum

199 839 351 900 festarum
358 832 559 896 celebrationi
567 831 834 911 respondentesiu
843 830 955 892 officiis
971 829 1136 910 liturgicis,

199 937 331 1013 possunt
344 930 479 1008 spectari
494 929 559 990 sive
576 928 681 1008 quoad
696 946 735 988 ea
748 945 818 1007 quae
827 928 986 990 festorum
1002 926 1138 989 celebra·

201 1027 277 1087 tioni
296 1023 542 1101 proemittuutur,
560 1040 608 1082 ex.
625 1040 687 1102 gn,
703 1022 838 1102 vigiliae3
856 1022 922 1083 sive
938 1023 983 1082 ad
1011 1041 1053 1082 ea
1077 1035 1137 1097 qua

199 1123 445 1198 consequuntur,
461 1117 752 1192 videlicetoctavae3
767 1118 832 1178 sive
843 1119 883 1179 ad
894 1136 1022 1197 eaquae
1034 1131 1138 1178 conco

199 1215 361 1290 mitantur,
371 1213 601 1275 videlicetritus
609 1212 769 1273 nobilioris
778 1213 829 1274 vel
837 1211 1003 1274 inferioris
1012 1211 1136 1273 ordinis.

238 1306 309 1366 Alie
318 1304 403 1364 euim
417 1304 618 1366 celebrantur
626 1304 688 1365 ritu
695 1304 840 1382 simplici,
850 1305 912 1365 alia
927 1304 996 1366 ritu
1013 1299 1134 1380 duplici,

198 1402 260 1464 alia
273 1402 335 1462 ritu
359 1399 584 1477 semi-duplici.
603 1402 677 1472 Ouae
698 1400 897 1462 celebrantur
918 1400 985 1462 ritu
1012 1395 1135 1476 duplici,

198 1495 261 1558 elia
274 1498 347 1556 sunt
369 1493 564 1568 communia,
589 1493 652 1553 alia
670 1499 743 1555 sunt
761 1494 899 1574 duplicia
922 1494 1067 1574 majora,
1085 1490 1135 1550 alic

198 1593 319 1671 primae,
336 1591 398 1651 alia
411 1589 559 1652 secundae
582 1589 701 1650 classis.
717 1591 765 1651 lta
779 1597 813 1651 ut
836 1589 1055 1669 obligationes
1077 1587 1136 1667 qui-

197 1689 256 1747 bus
276 1691 403 1746 tenetur
424 1685 559 1763 populus
587 1684 776 1746 christianus
803 1685 844 1746 ad
877 1703 915 1746 ea
944 1682 1133 1747 celebranda

198 1781 333 1860 spectari
355 1781 476 1858 possint
496 1779 562 1839 sive
583 1780 624 1840 ad
647 1798 685 1840 aa
705 1797 775 1859 quae
801 1781 1023 1858 antecedunt,
1047 1774 1132 1840 veluti

194 1875 326 1956 jejunia,
342 1875 408 1934 siva
423 1873 602 1952 adeoque
618 1876 885 1949 concomitantur;
906 1877 1073 1956 siquidem
1086 1871 1133 1932 ali

197 1971 324 2051 quando
339 1988 378 2031 ea
392 1969 486 2030 debet
499 1969 696 2033 sanctificare
717 1970 878 2032 auditione
893 1973 1003 2034 missas
1024 1976 1056 2034 et
1069 1970 1131 2032 abs·

196 2067 377 2130 tinentiaab
391 2066 728 2144 operibusservilibus3
747 2067 917 2147 aliquando
927 2072 1061 2132 tenetur
1074 2072 1130 2128 tan·

138 2220 148 2245 ‚
196 2166 263 2223 tum
284 2164 394 2224 audire
416 2181 556 2239 sacrum,
578 2180 642 2223 non
663 2164 708 2224 ita
726 2163 884 2225 abstinere
908 2182 929 2223 a
949 2164 1126 2229 servilibus

197 2256 365 2333 aliquando
380 2265 493 2320 neutra
507 2257 697 2337 obligatione
708 2262 844 2335 tenetur,
857 2258 913 2319 sed
928 2259 1061 2321 illorum
1074 2256 1128 2319 cul·
1199 2217 1200 2282 ¹

196 2352 246 2407 tus
260 2350 455 2428 singulorum
470 2354 630 2415 devotioni
643 2352 840 2433 relinquitur.

236 2444 396 2522 Similiter,
412 2448 479 2507 sive
493 2449 583 2527 ritus,
595 2451 662 2511 sive
678 2450 886 2530 obligationes
900 2450 991 2515 festis
1009 2467 1127 2532 respon·
1198 2442 1199 2500 l

197 2540 308 2602 dentes
330 2545 404 2603 sunt
420 2544 516 2605 variae
545 2563 602 2622 pro
626 2545 777 2607 serictate
798 2545 954 2608 locorum.
980 2550 1047 2630 Sed
1068 2548 1123 2606 hac
1198 2527 1199 2606 l

197 2638 303 2700 omnia
317 2640 368 2700 vix
388 2640 529 2701 innuisse
551 2641 699 2717 sufficiat,
714 2641 747 2700 in
767 2642 956 2703 tractatione
980 2639 1125 2723 generali,

196 2736 373 2812 praesertim
396 2736 448 2796 hic
470 2736 523 2795 nbi
545 2754 608 2797 non
633 2736 756 2816 agimtu
779 2738 818 2797 de
840 2738 999 2801 varietate
1021 2742 1126 2802 rituum

196 2834 490 2911 ecclesiasticorum,
507 2834 564 2894 sed
579 2835 701 2895 directo
716 2836 755 2896 de
771 2824 952 2897 calendario
968 2839 1129 2900 ecclesias·
1196 2906 1197 2915 ,

196 2931 269 2992 tioo.

236 3030 278 3089 Ut
291 3046 366 3108 ergo
381 3027 510 3088 redeam
534 3025 575 3087 ad
589 3016 720 3103 scopum
741 3028 945 3108 principalem
968 3030 1127 3106 praesentis

197 3124 403 3200 tractationis,
426 3143 465 3184 ex
479 3123 625 3184 omnibus
648 3122 745 3201 festis,
762 3124 825 3185 duo
849 3126 964 3205 eligam
979 3145 1054 3206 quea
1081 3130 1127 3189 ba-

197 3215 273 3278 bent
286 3218 440 3297 majorem
463 3217 649 3281 affinitatem
673 3237 746 3279 cum
767 3219 985 3283 distributione
1010 3229 1127 3303 tempo-

197 3326 268 3367 rum
282 3311 314 3368 in
329 3315 472 3391 ecclesia,
484 3315 589 3392 quoad
604 3314 724 3376 cultum
738 3315 890 3377 divinum.
908 3317 989 3377 Sunt
1005 3326 1120 3382 autem:

197 3405 229 3460 l⁰
243 3400 358 3460 festum
382 3408 558 3469 Nativitatis
573 3412 716 3484 Domini;
732 3415 764 3471 2⁰
779 3410 894 3474 festum
909 3413 1074 3477 Paschalis
1086 3430 1122 3475 re·

198 3492 399 3550 surrectionis
414 3497 453 3553 de
468 3503 582 3573 quibus
595 3507 737 3564 seorsim.
