2442 4125
316 298 355 343 ns
375 296 503 344 onncnu
523 296 605 343 ionis
628 295 785 343 canonici.
975 284 1015 344 to

74 464 149 508 rum
159 444 354 525 privatarum
364 428 545 518 dolabi-atio,
561 441 657 503 variis
670 440 822 503 abusibus
834 442 1016 507 isthaeodis·
1127 480 1136 495 ι

76 546 195 624 oiplina
210 542 321 622 patuit.
338 540 516 621 Aliquando
531 541 618 601 solus
631 540 791 617 sacerdos,
802 543 929 604 namins
943 543 1018 605 ads·

75 645 177 717 tanta
189 658 248 701 noo
259 639 312 718 qui
322 637 539 716 responderat,
555 636 747 699 celebrabat.
758 638 905 701 Idldissae
914 659 1016 720 genus

75 738 225 819 primitus
252 735 458 797 instituerunt
484 734 632 795 monaehi
660 751 734 797 soeo.
768 735 951 811 1x,dainds
984 741 1017 801 ot

77 832 248 896 saculares
264 829 441 910 presbytori
455 828 669 909 arripuemut,
681 831 767 911 quod
782 832 865 893 sauri
877 849 1016 894 oanonss

77 928 249 989 vetuerant
270 924 311 985 ob
334 922 506 985 absurdum
522 923 686 1003 (Dominus
705 925 870 988 vobiscum
886 960 927 971 —
940 930 1015 991 Sur·

78 1042 150 1085 sum
172 1020 281 1097 dorda,
306 1018 392 1098 eta).
410 1018 588 1099 Aliquando
607 1021 649 1082 ad
668 1028 825 1102 quastum
845 1026 893 1086 tot
905 1022 938 1083 in
951 1042 1016 1086 una

79 1118 175 1181 Missa
188 1114 419 1177 oonsaorabant
428 1114 546 1175 hostias
557 1120 635 1195 quot
643 1117 799 1195 stipendia
808 1119 1012 1199 rsoapissont.

78 1212 259 1291 Aliquando
274 1228 333 1289 pro
348 1209 578 1288 stipendiorum
599 1229 731 1274 numero
753 1213 957 1277 celebrabant
968 1218 1017 1279 tot

79 1306 192 1367 missas
212 1304 324 1381 sinuas,
342 1320 412 1383 quae
431 1303 576 1365 saanfioii
595 1323 662 1385 prae
674 1324 708 1367 so
726 1306 871 1370 forabunt
887 1308 1018 1370 simula-

79 1402 210 1477 tionem,
229 1416 267 1461 eo
290 1399 375 1479 quod
389 1400 422 1460 in
435 1400 474 1461 iis
488 1400 584 1461 fiebat
604 1402 733 1480 oblatio,
750 1407 782 1466 at
801 1404 1017 1467 raoitubuntur

78 1514 191 1578 praees
207 1495 330 1557 omissis
345 1514 469 1557 oanons
484 1499 515 1557 at
529 1499 765 1561 consecratione
778 1503 810 1562 at
823 1501 1013 1577 sumptione.

80 1592 218 1666 Quidam
239 1590 386 1653 dicebant
407 1592 516 1653 Missas
537 1592 716 1672 bisacutus,
732 1596 921 1671 trifaciatas,
938 1598 1013 1671 ota,

80 1691 203 1755 soilioot
223 1689 301 1751 duas
322 1690 467 1768 pluresve
481 1691 514 1751 in
529 1709 636 1770 unam,
652 1712 709 1755 sou
728 1695 789 1755 sub
809 1712 872 1757 uno
893 1710 1015 1756 oanono

80 1788 271 1869 repetebant
284 1790 419 1849 ooeteros
439 1787 597 1851 orationes
610 1793 658 1853 tot
669 1790 792 1853 vicibus
806 1793 884 1871 quot
896 1790 1016 1869 stipen-
1140 1818 1151 1839 ι

80 1886 134 1947 dia
148 1884 354 1963 accepissent.
366 1883 429 1945 Sad
444 1901 553 1946 omnes
567 1885 625 1947 hos
639 1885 780 1967 aliosque
794 1887 913 1948 abusus
927 1886 1016 1947 dum·

80 1982 170 2045 navit
183 1980 335 2043 Euolesia.

261 2133 295 2178 11.
307 2123 342 2179 lis
349 2138 446 2191 tenpore
457 2134 480 2178 st
491 2133 537 2176 loon
548 2131 700 2176 celebrationis
712 2134 836 2179 llum.

436 2252 461 2295 1⁰
473 2252 505 2296 De
514 2251 550 2294 die
560 2255 583 2294 et
593 2252 657 2296 dora.

122 2358 162 2418 V.
180 2352 346 2431 Disputaut
363 2361 506 2424 auctores
521 2374 561 2417 an
575 2355 609 2416 in
623 2359 748 2418 vetusta
760 2356 908 2420 Ecolasiae
922 2356 1017 2418 disai-

79 2452 170 2534 plina
190 2450 329 2512 licuisset
351 2451 491 2531 quotidie
512 2452 640 2514 missam
661 2453 840 2515 celebrare?
859 2456 941 2516 Sunt
961 2454 1016 2534 qui

78 2551 196 2631 putant
210 2547 411 2625 dominicam,
424 2551 567 2628 quartam
577 2554 740 2612 ot.saxtam
753 2551 865 2612 tarium
874 2551 915 2612 ab
924 2569 1016 2630 apos-

78 2647 154 2708 tolis
170 2645 356 2706 oonst'tutos
377 2644 444 2706 dies
463 2645 573 2719 fuissm
590 2645 664 2707 inda
684 2647 853 2710 sabbatum
874 2646 1016 2724 aliosque

81 2743 151 2803 dios
171 2740 351 2802 accessisse.
369 2743 450 2803 Sunt
463 2740 516 2820 qui
531 2745 643 2819 putant
652 2743 719 2822 jam
732 2748 800 2803 tum
810 2743 850 2804 ah
861 2741 1017 2820 apostolo-

79 2857 153 2900 rum
168 2840 310 2917 tompore
333 2837 547 2916 quotidianam
561 2837 656 2900 tuisse
670 2855 833 2900 mororum
854 2834 1018 2922 mysterio-

7 2969 9 2974 ·
79 2951 154 2996 rum
164 2932 422 3008 celebrationem,
433 2932 474 2993 ad
485 2950 580 3011 quam
594 2933 782 2995 sententiam
796 2930 922 2993 videtur
931 2929 1017 2990 inoli-

79 3049 160 3094 naro
183 3030 301 3091 Bonad.
326 3032 394 3094 XIV
418 3029 458 3090 do
479 3031 582 3092 sacrif.
609 3031 711 3092 Missa
735 3030 789 3090 lib.
810 3031 863 3105 ΙΙΙ,
885 3047 913 3089 o.
931 3045 966 3103 11,
983 3034 1014 3092 Ι.

79 3115 201 3190 Verum
214 3125 366 3205 quidquid
382 3126 581 3188 sentiendum
596 3127 636 3188 sit
645 3127 685 3188 do
698 3130 824 3189 vetusta
838 3125 1015 3204 disciplina,

80 3226 207 3284 uantum
228 3227 276 3282 ost
297 3241 315 3282 a
336 3228 458 3284 remota
478 3223 664 3303 antiquitate
687 3222 882 3285 orcRuariam
901 3222 1017 3284 lautam

80 3336 152 3380 essa
177 3320 209 3378 et
232 3317 448 3396 quotidianam
471 3320 614 3380 sacrificii
642 3320 897 3382 celebrationum.
924 3319 1016 3397 Apud

80 3415 197 3478 latinos
221 3414 376 3493 axoipitur
398 3419 521 3478 tantum
544 3417 624 3477 faria
649 3422 738 3485 santa
761 3417 958 3498 (Parasosvo)
983 3417 1016 3476 in

82 3510 210 3592 signum
231 3511 333 3574 luotus
348 3517 379 3574 et
392 3513 541 3587 atsutia
557 3513 642 3594 opud
662 3532 783 3594 graeoos
797 3517 865 3576 tota
878 3511 1016 3592 quadra-
