2442 4125
317 352 357 395 un
377 349 507 397 omncro
527 350 611 396 runis
633 350 789 398 canonici.
963 340 1019 399 tet

73 496 240 577 principio
254 495 397 575 generali
409 512 430 554 a
442 494 538 555 Lucio
551 495 592 555 lll
606 496 723 556 statuto
741 515 747 555 :
772 494 886 557 Libera
905 496 1021 559 debent

74 611 156 653 esse
181 590 392 665 matrimonia,
418 592 449 651 et
471 589 514 650 ad
534 590 612 651 illud
635 607 728 651 nemo
752 591 922 671 cogendus,
947 609 1020 653 cum

75 686 264 748 coactiones
279 684 420 745 difficiles
442 684 543 746 exitus
557 686 680 747 soleant
692 686 874 767 frequenter
888 687 1017 748 habere.

74 784 258 861 Propterea
284 782 345 841 boc
367 779 456 841 Lucii
477 782 519 841 Ill
547 782 712 843 definitum
739 781 870 861 dignum
898 780 1017 857 vident,

76 877 173 957 quod
203 880 323 957 ponant
342 895 399 955 pro
418 877 529 957 regula
547 878 704 957 generali3
727 880 918 958 quapropter
938 878 1019 938 banc

77 973 248 1034 deducunt
260 971 417 1033 theoriam
434 993 440 1033 :

126 1068 161 1131 Si
171 1067 271 1147 judex
283 1066 464 1145 praeviderit
477 1066 582 1129 tristes
597 1069 726 1129 allectus
745 1070 800 1148 qui
818 1070 1020 1148 provenirent

79 1185 125 1227 ex
152 1164 369 1239 matrimonio,
393 1163 419 1223 si
443 1180 576 1241 sponsos
599 1163 640 1224 ad
663 1163 740 1224 illud
765 1165 1020 1226 contrabendum

80 1259 227 1321 censuris
250 1258 468 1319 ecclesiasticis
489 1263 618 1338 cogeret
638 1258 769 1333 invitos3
793 1265 929 1337 moneat,
955 1277 1018 1319 non

79 1363 190 1437 cogat.
208 1357 240 1419 Si
254 1355 434 1435 praeviderit
447 1357 587 1419 infelices
598 1359 699 1420 exitus
709 1359 944 1421 matrimonium
955 1376 1016 1421 non

80 1471 155 1514 esse
168 1452 359 1529 habiturum,
384 1453 507 1513 etiamsi
527 1454 633 1532 sponsi
655 1454 696 1515 ad
716 1453 795 1516 illud
815 1456 1016 1534 cogerentur,

78 1552 213 1610 moneat
225 1565 288 1609 non
301 1548 415 1623 solum,
431 1547 487 1608 sed
506 1553 609 1628 cogat.
632 1550 667 1610 ln
687 1549 788 1627 primo
808 1566 894 1625 casu,
916 1548 1018 1627 majus

79 1644 204 1705 malum
216 1642 348 1723 impedit
361 1644 529 1722 quominus
547 1646 649 1706 minus
668 1645 787 1707 malum
806 1644 950 1705 evitetur.
972 1640 1018 1725 Si-

79 1739 213 1820 quidem
226 1739 420 1801 tolerabilius
432 1740 551 1801 malum
565 1745 623 1818 est,
641 1748 675 1804 ut
689 1741 786 1802 semel
801 1740 876 1801 data
890 1756 1019 1818 sponsa-

78 1837 162 1896 lium
176 1835 255 1897 fides
268 1853 331 1897 non
345 1840 499 1912 servetur,
515 1854 611 1915 quam
628 1841 665 1898 ut
684 1837 716 1897 in
735 1836 947 1911 matrimonio,
968 1852 1018 1896 co-

79 1932 200 2010 pulatis
222 1932 338 2009 invitis,
362 1931 441 1992 fides
464 1932 533 2010 ipsa
553 1932 729 2012 conjugalis
750 1950 823 1993 cum
844 1950 967 1993 summo
988 1935 1018 1991 et

79 2029 280 2107 irreparabili
309 2027 434 2090 familia
462 2031 494 2091 et
522 2027 703 2107 reipublicae
726 2029 843 2090 damno
866 2044 928 2089 non
952 2044 1019 2088 ser-

79 2128 190 2274 veiilde
213 2213 316 2293 posita
337 2213 472 2289 theoria,
498 2212 655 2291 explicant
676 2208 891 2271 Alexandrum
914 2210 954 2270 lll
978 2209 1017 2270 de

81 2326 160 2370 casu
178 2308 329 2388 peculiari
344 2327 406 2387 quo
421 2308 531 2387 optimi
547 2309 676 2368 effectus
690 2325 729 2368 ex
748 2322 952 2367 censurarum
969 2304 1018 2364 in·
1142 2317 1145 2324 ·

80 2405 220 2466 dictione
248 2404 532 2482 consequebantur,
570 2409 602 2465 et
637 2421 761 2463 summa
795 2401 1018 2463 avertebantur

80 2501 177 2562 mala.
193 2503 273 2560 Nam
286 2501 408 2579 species
421 2499 582 2580 proposita
596 2499 776 2560 Alexandro
791 2500 831 2560 lll
847 2517 885 2558 ex
905 2500 934 2557 1⁸
954 2496 1018 2557 col-

79 2598 216 2658 lectione
231 2598 452 2674 Deoretalium‚
468 2598 537 2658 haec
551 2596 655 2675 colligi
670 2600 815 2672 poterat:

122 2696 190 2753 Duo
205 2692 327 2754 nobiles
341 2695 401 2754 viri
414 2694 446 2754 in
461 2694 586 2772 Anglia‚
607 2693 727 2754 ratione
750 2691 847 2765 feudi,
869 2691 1016 2750 continuo

81 2792 113 2850 et
127 2788 276 2849 diuturno
289 2789 372 2850 bello
387 2790 602 2851 decertabant.
626 2789 741 2848 Pacem
762 2786 921 2864 cupientes
942 2801 1017 2862 pac-

79 2889 150 2944 tum
163 2883 312 2961 inierunt,
328 2889 363 2946 ut
376 2886 442 2945 filia
455 2885 548 2945 unius
563 2882 676 2964 conjux
693 2888 776 2945 esset
794 2881 847 2941 filii
868 2880 1013 2953 alterius;

78 2981 136 3040 lilii
152 2984 319 3058 paternum
328 2988 457 3060 pactum
466 2980 762 3042 ratum'habuerunt
772 2980 803 3037 et
808 2974 1013 3056 jurisjurandi

78 3075 234 3154 religione
248 3076 408 3137 firmatum
427 3081 484 3138 est.
506 3079 581 3138 Post
601 3077 661 3136 hoc
681 3091 764 3134 unus
785 3089 823 3132 ex
843 3071 920 3148 istis,
944 3090 1015 3132 cum

77 3172 245 3232 fraudibus
263 3190 376 3251 parare
398 3173 493 3234 vellet
510 3172 617 3250 copias
639 3170 681 3230 ad
700 3168 819 3231 bellum
838 3172 1016 3231 restauran

78 3270 169 3344 dum,
190 3268 324 3329 suadere
344 3269 441 3347 caepit
460 3269 524 3330 lilio
545 3287 603 3329 suo
625 3273 660 3328 ut
681 3286 700 3327 a
720 3267 918 3346 sponsalibus
938 3270 1016 3330 resi-

76 3365 162 3425 liret.
183 3363 280 3424 Filius
297 3363 443 3424 fraudem
462 3364 623 3443 ignorans,
648 3380 685 3422 ex
707 3363 774 3423 solo
795 3369 941 3443 respectu
961 3383 1014 3442 pa-

78 3460 162 3521 renti
175 3458 294 3536 debito,
310 3461 377 3519 sine
392 3459 456 3519 ulla
470 3459 633 3520 aversione
649 3477 726 3538 erga
743 3477 892 3539 sponsam
911 3477 1013 3534 suam,

79 3555 207 3621 volebat
220 3573 241 3617 a
254 3555 329 3616 data
341 3555 405 3616 lide
419 3553 539 3616 resilire
554 3557 586 3615 et
598 3554 639 3616 ad
655 3555 717 3616 alia
730 3562 804 3618 vota
814 3557 958 3618 transire.
