2442 4125
333 270 372 314 nn
392 267 523 315 omnem
543 268 627 315 sums
649 266 804 316 carorum.
996 263 1034 321 87

95 417 226 481 irritant
247 419 280 478 st
301 416 546 476 sacramentum.
572 417 607 476 ln
631 413 829 478 ordinatione
852 433 944 495 vero,
961 416 1035 481 licat

96 512 269 595 prohibeat
285 530 326 572 ne
341 512 411 591 quis
432 510 594 592 suscipiat,
610 510 661 573 val
682 528 722 571 ne
743 511 793 573 oui
816 512 909 575 datur
929 530 1035 577 sacra-

97 614 254 686 mentum,
269 609 314 669 nil
330 608 409 671 tollit
423 607 463 669 ds
476 609 538 671 ritu
557 609 790 687 sacramentali,
807 628 869 690 quo
890 612 945 674 tlat
967 612 1036 673 irri-

97 715 168 772 tnm
192 708 438 768 sacramentnm.
465 704 537 780 Qaoe
559 711 657 765 cetam
683 704 878 766 ministeriam
901 704 1031 768 ordinis:

98 804 161 863 hoc
183 802 267 861 onim
288 805 338 860 est
357 796 517 877 objectum
531 796 541 835 ¹
557 797 686 873 horum,
703 802 736 860 st
758 816 815 876 per
838 814 1034 877 consequens

100 895 219 961 Ordines
239 895 328 957 etiam
347 892 568 974 susceptionem,
584 911 683 973 quum
704 892 845 954 Ecclesia
866 892 943 955 nolit
964 912 1034 972 pro·

99 1007 229 1051 movere
243 988 313 1049 illos
328 986 382 1068 qui
395 986 437 1048 ad
451 1004 543 1048 sacra
556 986 660 1049 otflcia
673 987 829 1049 inhabiles
843 986 916 1048 sint.

139 1083 329 1165 Huiusmodi
356 1088 463 1146 autem
489 1082 721 1145 inhabilitatem
744 1084 786 1145 ad
809 1102 900 1147 sacra
927 1084 1035 1147 munia

100 1181 243 1244 Ecclesia
255 1179 467 1261 apprehendit
479 1196 538 1259 per
550 1180 695 1241 ordinem
709 1180 750 1241 ad
765 1179 912 1242 decorem
926 1182 1035 1243 minis-

100 1278 245 1344 trationis
260 1294 423 1340 sacrornm
437 1280 470 1340 et
483 1279 584 1339 status
596 1276 750 1339 clericalis
762 1296 769 1339 :
783 1278 843 1340 hoc
857 1282 964 1341 antem
979 1279 1036 1341 du·

101 1376 174 1456 plici
189 1394 227 1436 ex
241 1373 338 1450 fonto,
355 1372 502 1434 videlicet
515 1391 553 1434 ex
566 1371 670 1433 detto
684 1378 716 1435 et
729 1392 767 1435 ex
780 1373 904 1455 desecta.

141 1470 262 1532 Delicta
275 1486 347 1549 qnae
361 1467 626 1548 irregularitatem
638 1469 810 1548 importent
823 1474 917 1530 sunt:
935 1472 966 1529 l⁰
976 1468 1034 1531 Vel

102 1579 174 1644 qnae
201 1564 295 1623 rectae
324 1564 526 1639 opponuntur
559 1560 820 1623 administrationi
854 1579 1032 1639 sacrorum,

99 1664 133 1734 2?
148 1657 206 1721 Vel
220 1674 291 1737 quae
312 1656 476 1717 infamiam
489 1656 641 1737 irrogant,
659 1662 691 1721 et
704 1662 907 1737 opponuntur
927 1656 1035 1720 decori

101 1752 222 1817 ordinis
236 1753 400 1814 clericalis.

142 1848 243 1909 Primi
258 1848 372 1929 penoris
389 1853 482 1911 sunt:
500 1852 533 1910 lt
547 1850 675 1911 heresis
690 1853 722 1913 at
733 1852 903 1931 apostasia,
919 1850 1035 1931 praedi·

102 1946 236 2009 cationis
248 1948 373 2007 muneri
388 1947 555 2026 oppositae;
568 1950 601 2006 2⁰
614 1946 738 2009 iteratio
753 1947 961 2027 baptismatis,
978 1964 1033 2027 op-

100 2044 206 2126 posita
219 2042 381 2105 canomce
395 2040 585 2105 sacramenti
600 2041 877 2119 administrationi3
890 2046 923 2105 3⁰
933 2044 1035 2104 homi-

100 2139 220 2202 cidium
232 2139 282 2200 vel
295 2139 450 2202 mutilatio
464 2140 570 2220 aliquo
589 2139 685 2200 modo
700 2139 874 2218 culpabilis,
891 2141 1036 2220 opposita

75 2239 78 2245 '
100 2237 265 2298 incruento
286 2235 462 2298 sacerdotio
483 2240 516 2297 et
535 2233 690 2298 morificio
712 2237 748 2296 N.
766 2238 819 2308 L.;
835 2240 868 2298 4⁰
888 2236 1035 2317 quadam

101 2332 219 2395 delicta
231 2332 264 2392 in
278 2331 412 2394 matoria
431 2332 550 2394 ordinis
570 2332 700 2412 indigne
720 2333 857 2414 suscepti
876 2334 927 2396 vel
948 2351 1035 2395 exer·

101 2429 165 2505 citi,
183 2443 253 2507 quaa
277 2443 295 2486 a
318 2424 471 2487 diametro
494 2426 634 2506 legitimo
655 2427 688 2488 S.
710 2426 835 2489 Ordinis
861 2427 1034 2488 ministerio

100 2526 320 2603 opponuntur;
331 2526 365 2584 5⁰
376 2538 446 2602 quaa
462 2520 576 2584 delicta
588 2527 665 2585 tunc
679 2523 876 2602 potissimum
891 2522 1035 2585 conside-

99 2624 223 2698 rantur,
239 2619 366 2699 quando
381 2622 414 2680 et
427 2619 569 2680 censura
584 2619 787 2682 violationem
808 2620 979 2700 important
993 2619 1034 2680 ob

100 2715 426 2777 insnhordinationem
441 2717 620 2779 auctoritati
634 2716 863 2778 ecclesiasticae.

139 2810 272 2873 Secundi
283 2813 396 2891 qenais
410 2812 524 2875 delicta
537 2816 612 2874 sunt
621 2831 660 2874 ex
675 2813 787 2892 quibus
803 2810 943 2873 nascitur
955 2809 1035 2870 infa-

98 2907 164 2968 mia
181 2908 249 2968 siva
269 2906 350 2987 juris
368 2909 435 2969 sive
458 2908 751 2990 instructaque
776 2907 862 2967 nullo
885 2904 963 2984 legis
984 2904 1035 2966 rel

93 3004 212 3084 judicis
234 3005 406 3066 ministerio
430 3023 469 3066 ex
490 3007 561 3087 ipsa
573 3009 760 3069 notorietate
780 3002 885 3084 gravis
900 3000 1034 3083 alicujus

128 3188 138 3222 1
152 3187 228 3238 runo
240 3187 322 3252 huius
334 3188 525 3252 impedimenti
540 3193 580 3241 est
592 3191 674 3240 decus
688 3201 840 3252 sacrorum
856 3188 978 3254 adjectam
994 3191 1035 3238 est

97 3267 285 3319 ministerium
300 3267 470 3332 proindeque
489 3267 728 3331 inaugurationem
745 3268 779 3319 ad
798 3267 866 3320 illud
883 3270 940 3318 sive
961 3267 1036 3336 illius

98 3347 268 3407 exercitum
278 3346 418 3410 subjectam
428 3349 532 3409 autem,
546 3346 663 3410 quilibet
674 3347 721 3410 qui
732 3346 776 3397 vel
788 3360 820 3396 ex
833 3347 932 3398 delicto
944 3345 988 3396 vel
1002 3358 1035 3394 ax

98 3425 206 3476 delectu
221 3424 251 3474 in
264 3438 297 3476 eo
311 3427 384 3478 statu
398 3426 444 3489 sit,
462 3438 516 3489 qno
532 3415 670 3476 sacrorum
683 3424 865 3477 ministerium
881 3427 972 3490 ipsum
986 3424 1034 3473 da·
1153 3423 1158 3436 ⁸

99 3505 205 3555 deccat.
