2442 4125
206 334 263 391 l'lt
416 344 643 391 msuuurronns
664 344 747 391 rums
769 344 924 392 cnuoruer.

204 492 269 573 quie
283 492 314 551 in
328 489 389 552 loeo
400 480 525 570 publico,
543 506 605 569 quo
619 487 850 569 prohibebatur
862 506 900 549 ne
920 489 999 568 quid
1017 492 1055 552 in
1075 492 1144 555 loco

204 587 329 667 publico
344 588 444 647 lieret.
467 588 534 646 Hoc
552 584 754 645 interdictum
775 586 842 645 erat
860 601 946 644 mere
965 587 1143 663 probibito-

204 685 297 762 rium‚
320 702 383 745 non
404 681 645 755 restitutorium
669 679 802 757 proinde
823 680 849 740 si
872 679 941 760 quis
962 690 1082 745 contra
1100 686 1143 745 in·
1212 728 1213 749 l

204 780 372 841 terdictum
387 778 575 839 oediiieasset
588 777 621 836 in
639 776 708 837 loeo
723 775 861 854 publico,
881 794 944 837 uon
964 780 1143 857 cogebatur
1212 770 1213 775 ’

205 876 374 937 oedifioium
388 874 485 935 semel
499 872 618 933 factum
633 870 794 932 demolire.
817 870 863 951 (L.
880 875 910 947 2,
926 873 944 950 ἓ
960 876 1013 949 Π,
1031 875 1082 954 ff.)
1097 876 1142 937 Si-

203 970 318 1030 militer
341 969 368 1028 si
388 968 458 1047 quis
479 985 517 1026 ex
538 964 648 1025 alienis
669 964 829 1025 caementis
851 964 1057 1044 aedificasset,
1082 987 1140 1029 non

198 1065 270 1143 jure
294 1063 421 1141 quidem
444 1062 666 1137 edificaverat,
691 1058 828 1137 sedpro
852 1060 989 1122 utilitate
1014 1064 1140 1141 publica

202 1156 371 1220 edificium
385 1161 447 1219 uon
463 1157 671 1238 dijiciebatur.

241 1252 390 1315 Similiter
404 1254 524 1315 obtinet
538 1254 571 1313 iu
584 1250 798 1327 matrimonio,
814 1269 854 1311 ue
868 1251 991 1313 bouum
1002 1256 1103 1334 prolis
1112 1258 1139 1316 et

200 1349 316 1411 utilitas
338 1347 465 1427 publica
486 1347 696 1425 periclitetur3
723 1344 869 1407 videlicet
898 1349 1067 1411 contraria
1087 1351 1139 1412 ob

198 1444 279 1504 tinet
309 1440 557 1523 jurisprudentia
591 1458 662 1520 quae
697 1440 730 1499 in
758 1439 1134 1518 caeteris'contrectibus‚

200 1558 313 1619 nempe
339 1537 511 1601 sustinetur
538 1536 684 1597 validitas
711 1535 903 1597 matrimonii
930 1538 1034 1597 semel
1069 1557 1136 1600 con·

198 1639 301 1713 tracti,
319 1638 379 1697 nisi
392 1636 442 1695 lex
451 1633 633 1713 prohibens,
646 1632 771 1694 irritans
782 1632 876 1693 etiarn
887 1632 1132 1697 demonstretur.

199 1736 325 1795 Stemus
348 1748 405 1809 pro
429 1729 602 1807 validitate,
626 1747 789 1809 quousque
813 1747 877 1790 uon
898 1728 1135 1793 demonstratur

199 1827 324 1887 nullitas
346 1828 445 1901 actus,
468 1826 565 1884 semel
585 1843 623 1885 ac
641 1825 761 1904 positus
779 1824 890 1897 fuerit3
911 1828 1133 1902 praesumimus

198 1922 381 1983 facultatem
404 1925 436 1981 et
458 1920 636 1981 libertatem
659 1924 748 1982 actus
771 1920 874 1983 rabdo
897 1920 1053 1999 ponendi,
1079 1921 1133 1981 nisi

197 2039 255 2101 per
267 2021 372 2102 legem
386 2018 536 2099 adempta
551 2018 794 2081 demonstretur.

235 2121 319 2198 Itrgo
333 2119 384 2178 lex
398 2117 596 2179 matrimonio
614 2114 803 2176 interdicens
822 2115 1029 2192 praesumitur
1048 2134 1131 2177 mere

196 2214 415 2292 prohibitoria,
440 2232 503 2276 non
527 2213 622 2274 etiam
644 2211 781 2288 irritans,
808 2210 866 2271 uisi
890 2211 961 2272 talis
987 2211 1129 2274 demons

195 2311 306 2382 tratur,
323 2306 408 2384 quod
421 2308 467 2384 fit,
484 2309 510 2368 si
524 2310 556 2368 l⁰
569 2306 620 2369 vel
635 2307 756 2368 munita
769 2307 809 2368 sit
823 2325 970 2387 expresse
990 2309 1130 2370 clausula

195 2402 354 2475 irritante;
378 2405 409 2461 2⁰
432 2402 482 2464 vel
503 2404 622 2464 duecte
643 2402 762 2463 inficiat
782 2403 1003 2480 substantiam,
1029 2423 1130 2465 essen·
1212 2409 1213 2428 ¹

181 2494 282 2579 tiam,
299 2499 445 2554 naturam
456 2494 554 2575 ipsius
568 2499 668 2558 actus,
685 2497 796 2557 Cetera
805 2497 1036 2576 impedimenta
1045 2499 1128 2560 velut
1212 2511 1213 2520 ’

194 2605 280 2649 mere
294 2587 486 2667 impedentie
500 2590 660 2650 censenda
674 2593 756 2650 sunt.

235 2686 431 2763 Quapropter
464 2682 614 2762 distingui
648 2683 726 2746 solet
759 2683 903 2746 tractatio
927 2683 967 2744 de
998 2682 1128 2763 impedi·

193 2782 305 2843 mentis
320 2781 351 2842 in
366 2779 445 2840 duas
458 2782 573 2857 partes.

460 2948 485 2987 1⁰
496 2943 530 2986 De
539 2943 697 2998 impedimentis
706 2944 864 2988 dirimentibus.

232 3057 341 3116 lllllll.
358 3054 448 3116 Circa
461 3050 688 3130 impedimenta
701 3052 894 3114 matrimonii
908 3054 991 3118 sicut
1008 3055 1041 3116 in
1060 3075 1125 3118 om·

193 3146 284 3208 nibus
303 3149 368 3210 fere
388 3149 469 3228 juris
492 3147 591 3208 nostri
614 3147 756 3224 partibus
779 3148 910 3225 accidit,
934 3168 999 3211 non
1022 3154 1124 3228 potest

192 3241 338 3302 constitui
351 3243 497 3320 quaedam
511 3242 634 3304 theoria
644 3243 799 3322 generalis
809 3261 829 3304 e
838 3243 953 3321 priori;
967 3248 1122 3307 nonenim

191 3338 416 3416 impedimenta
430 3342 535 3402 omnia
547 3342 616 3404 baec
634 3340 705 3421 jure
725 3341 830 3403 divino
848 3345 923 3404 suut
941 3345 1118 3416 constituta,

191 3433 247 3492 sed
261 3433 355 3508 plura
367 3451 424 3507 pro
438 3440 618 3511 temporum
637 3437 869 3515 opportunitate
888 3437 1019 3500 definita
1035 3442 1118 3514 sunt,

191 3529 283 3604 plura
295 3526 376 3586 forte
391 3524 589 3588 definientur.
