2442 4125
325 363 363 412 ns
384 364 513 416 onrscro
533 369 617 418 rums
637 368 794 420 errorum.
969 364 1028 426 273

55 507 290 584 omissiones,
305 510 496 589 prescripsit
510 516 545 575 ut
558 513 632 574 anni
647 519 815 596 sequentes
824 518 866 580 ab
875 517 929 582 illo
944 539 1027 584 anno

56 603 285 667 confusionis
299 605 338 666 do
360 605 557 686 quatriennio
579 609 612 670 in
633 613 856 690 quatriennum
875 617 1028 681 haberent

57 719 195 762 annum
210 701 444 764 intercalarem
460 705 513 784 qui
528 707 619 768 fleret
630 689 1024 792 nnedielongiorcoeteris‚

57 799 262 878 repetendo
279 798 328 859 bis
342 803 464 861 sextum
478 801 631 864 kalendas
644 806 786 881 martias,
798 807 945 871 videlicet
957 809 1026 872 dies

57 894 237 974 vigesima
255 898 372 975 quarta
385 896 536 958 februarii
547 897 639 978 juxta
659 904 800 964 nostram
822 906 1025 984 computandi

59 991 252 1053 rationem.

103 1087 278 1148 Jemvero
306 1087 338 1147 in
371 1087 560 1150 kalendariis
592 1090 741 1154 Ecclesiae
774 1095 934 1174 perpetuis
961 1096 1023 1159 diei

62 1183 104 1241 24
121 1181 294 1243 februarii
308 1199 364 1242 seu
378 1187 465 1244 sexto
485 1183 639 1246 kalendas
662 1187 766 1248 martii
786 1191 957 1268 respondet
975 1192 1024 1254 lit·

62 1281 137 1338 tera
153 1281 181 1339 F
198 1297 281 1359 quae
300 1279 418 1356 pariter
436 1279 527 1340 annis
550 1281 777 1346 bis-sextilibus
799 1285 1020 1366 duplicabitur.
1062 1353 1070 1374 ,

65 1373 136 1435 Hac
164 1375 427 1455 reduplicatioue
455 1375 547 1437 unius
569 1377 682 1440 litterae
704 1380 787 1442 infra
808 1384 1024 1462 septenarium

65 1469 148 1548 (non
164 1470 382 1550 reduplicatis
395 1471 492 1551 feriis)
507 1490 577 1552 quae
592 1475 747 1555 contingit
758 1478 842 1539 intra
856 1477 975 1539 annum
988 1481 1022 1539 in

67 1566 254 1645 bis-sextis,
272 1567 459 1645 producitur
471 1586 510 1628 ea
523 1571 719 1647 perturbatio
732 1572 909 1632 litterarum
923 1573 1021 1634 domi-

68 1661 232 1725 nicalium
254 1661 339 1724 intra
362 1680 479 1723 anuum
502 1683 572 1744 quae
594 1666 754 1727 ordinario
776 1665 961 1745 producitur
981 1668 1021 1729 de

71 1775 158 1820 anno
174 1760 211 1819 in
233 1776 355 1820 annum
374 1759 499 1838 quando
518 1761 593 1822 anni
616 1764 690 1823 sunt
712 1779 904 1824 communes.
929 1763 1020 1827 Vide·

70 1853 184 1917 licata
199 1855 358 1917 bis-sexto
373 1855 524 1916 kalendas
539 1856 662 1934 martii,
678 1874 734 1918 seu
749 1859 829 1920 adio
842 1861 882 1920 25
896 1859 1022 1920 februa-

74 1946 113 2006 rii
135 1947 298 2009 inclusive
323 1950 474 2026 tanquam
497 1947 522 2006 si
547 1955 630 2009 esset
649 1949 774 2010 initium
797 1950 925 2011 alterius
944 1951 1019 2010 anni

73 2041 190 2108 litterae
208 2062 309 2107 unam
324 2041 435 2105 teriam
455 2043 636 2106 transiliunt
655 2062 710 2103 seu
731 2044 818 2105 teriis
837 2044 1019 2106 immediate

76 2142 290 2221 sequentibus
304 2140 496 2219 respondent
509 2140 621 2201 litterae
635 2138 815 2201 immediate
832 2139 1019 2201 anteceden-

76 2236 135 2310 tes,
153 2252 213 2296 seu
229 2237 371 2295 mutatur
383 2232 487 2293 littere
502 2230 698 2292 dominicalis
718 2231 750 2290 in
770 2229 911 2309 proxime
922 2236 1019 2292 ¹aute«

78 2326 261 2404 cedentem,
279 2332 310 2389 et
328 2342 408 2386 unns
422 2325 570 2405 idemque
589 2340 691 2385 annus
704 2324 854 2385 absorbet
871 2322 951 2385 duas
970 2325 1019 2386 lit·

78 2422 163 2487 teres
178 2420 388 2485 dominicales
403 2437 498 2481 unam
512 2437 570 2499 pro
585 2419 698 2499 prima,
715 2421 912 2501 alterampro
918 2422 1019 2484 altera

79 2520 170 2592 parte
183 2526 340 2599 tanquam
354 2518 380 2578 si
395 2516 518 2578 duobus
533 2517 624 2577 annis
637 2518 841 2597 aequivaleret
857 2519 890 2579 in
905 2518 1017 2580 ordine

82 2614 120 2673 ad
135 2616 393 2697 progressionem
406 2613 581 2675 litterarum
596 2613 841 2674 dominicalimn.

119 2710 188 2773 Hoc
203 2712 324 2773 clarum
338 2710 393 2772 flet
407 2708 549 2789 sequenti
569 2709 722 2786 exemplo.
745 2708 865 2769 Littera
882 2707 1016 2767 domini·

82 2804 156 2867 calis
167 2808 246 2869 anni
255 2810 344 2883 1860,
355 2809 391 2868 ut
400 2805 548 2881 diximus,
561 2806 671 2878 eritll3
684 2821 760 2883 ergo
771 2805 894 2864 sextum
908 2803 1017 2862 kalen·

84 2902 139 2964 das
162 2907 270 2969 martii
293 2926 349 2968 seu
372 2910 410 2967 tl
434 2904 585 2965 februarii
608 2921 679 2984 qne
697 2904 842 2984 signetur
861 2901 965 2962 littera
979 2903 1013 2977 F,

86 3001 176 3065 cadet
190 3006 223 3065 in
238 3003 349 3063 feriam
363 3006 492 3063 sextam.
515 3003 549 3061 ln
571 3000 738 3079 hypothesi
759 3017 821 3079 qua
842 3014 944 3059 annus
965 2996 1016 3057 hic

86 3104 165 3160 esset
179 3100 354 3163 communis
369 3098 436 3160 dies
449 3101 487 3158 25
503 3096 653 3158 februarii
667 3095 825 3156 cadensin
835 3094 1013 3169 sabbatum,

84 3189 262 3272 signaretur
274 3196 380 3259 littera
394 3197 430 3271 G,
447 3198 478 3257 et
492 3195 643 3255 redeunte
658 3192 816 3253 dominica
833 3190 952 3252 rediret
964 3190 1016 3251 lit-

85 3288 150 3351 tera
164 3296 202 3356 A.
220 3294 283 3356 Sed
297 3293 346 3355 bis
364 3292 498 3371 repetita
516 3292 621 3352 littera
641 3291 676 3366 1⁴¹,
693 3289 775 3349 sicut
792 3288 840 3349 bis
861 3287 1015 3367 repetitur

86 3390 203 3450 sextum
222 3388 374 3452 kalendas
396 3388 513 3465 martii,
535 3388 610 3465 quin
630 3386 792 3463 repetatur
812 3384 891 3445 feria
912 3388 1011 3459 sexte,

86 3482 195 3547 accidit
208 3489 244 3547 ut
256 3483 436 3565 incipiendo
451 3501 471 3543 a
485 3482 534 3543 die
549 3484 587 3543 25
602 3481 754 3541 februarii
766 3482 801 3559 Il,
824 3499 887 3542 non
909 3479 1014 3558 desig-

34 3626 36 3630 ,
87 3579 137 3638 net
149 3582 283 3661 amplius
293 3580 405 3642 leriam
416 3596 448 3642 vr
458 3578 513 3640 sed
523 3577 704 3639 immediate
714 3580 910 3657 sequentem,
926 3574 1013 3640 vidc-
