2442 4125
194 287 253 346 w
403 295 633 343 munonouns
653 297 737 342 Jnn1s
759 297 915 342 conemur.

194 461 290 524 quern
303 458 360 522 per
374 441 490 520 gradus
511 439 805 520 patebatascensus
828 441 980 525 incoque
1003 442 1137 503 stabant
1215 396 1217 451 ἶ

194 541 339 600 cantores
357 536 544 610 allectores,
569 533 623 612 qui
637 535 785 612 epistolas
808 538 840 596 et
853 537 1023 615 evangelia
1049 538 1138 617 lege·

193 633 280 707 bant,
296 632 328 692 in
343 649 444 710 eoque
457 629 581 709 dyptica
596 629 818 691 recitabantur.

232 730 266 788 3ι
280 729 318 788 Et
331 727 439 788 intima
452 744 524 804 pars
540 733 607 786 erat
620 727 824 786 sanemarium
846 727 931 804 qnod
945 728 1057 788 Graeci
1084 747 1140 807 an

196 823 354 900 pellebant
383 834 454 894 Βῆμα
480 821 626 882 cancellis
647 821 804 882 munitum
826 827 1045 902 septumque;
1076 825 1139 884 hnc

182 923 281 982 laicis
305 923 470 982 vetabatur
495 939 654 981 ascensus.
681 921 832 999 Suprema
860 940 933 1000 pars
962 925 1140 985 sanctuarii

192 1017 270 1097 αρείε
283 1017 456 1092 dicebatur,
473 1016 639 1076 aedilicium
653 1017 771 1078 scilicet
787 1017 979 1078 semicirculi
994 1018 1136 1080 formam
1215 1024 1216 1083 3

194 1112 345 1171 exbibens
368 1110 422 1172 ubi
436 1112 570 1173 thronus
591 1116 659 1173 erat
672 1113 820 1191 episcopi,
845 1120 876 1174 et
890 1112 986 1173 sedes
1010 1115 1137 1176 circum

193 1206 448 1286 presbyterorum
463 1228 470 1269 :
488 1209 528 1268 in¹
545 1208 660 1284 medio,
685 1207 801 1269 scilicet
822 1227 842 1268 a
858 1207 980 1286 pariete
1004 1211 1137 1286 sejunc-
1215 1258 1216 1267 2

193 1307 269 1378 tum,
286 1308 353 1362 erat
375 1303 472 1364 altare
493 1323 550 1365 seu
571 1321 660 1364 sacra
683 1320 792 1363 mensa
814 1303 846 1363 in
870 1320 934 1379 qua
957 1305 1137 1368 offerretur
1215 1298 1216 1363 Ϊ

192 1397 389 1462 eucharistia.
407 1399 526 1461 Altaria
542 1400 631 1462 initio
646 1402 680 1461 nt
689 1400 857 1478 plurimum
867 1399 997 1461 luerunt
1005 1401 1133 1480 lignea,
1215 1458 1216 1461 ,

192 1497 305 1558 deinde
325 1496 449 1575 lapidea
462 1495 546 1558 facta
568 1503 651 1557 sunt.
667 1497 771 1558 Unum
793 1495 826 1554 in
849 1497 960 1574 graecis
986 1498 1135 1559 ecclesiis

192 1599 259 1653 erat
285 1593 393 1669 altare,
423 1593 468 1654 uti
496 1608 579 1651 nunc
607 1595 666 1652 est.
698 1592 778 1650 Huic
804 1589 866 1651 alia
888 1590 986 1652 etiarn
1011 1593 1133 1653 altaria

190 1693 389 1747 accesserunt
413 1688 504 1764 juxta
529 1687 625 1749 ritum
652 1688 831 1747 urceorum
858 1687 890 1745 in
922 1689 1134 1764 parecclesiis

192 1779 437 1860 (par-ccclesias)
460 1798 517 1840 sen
531 1781 563 1840 in
588 1781 709 1841 sacellis
723 1781 774 1840 vix
795 1798 885 1841 muro
905 1782 1064 1859 sejunctis
1092 1785 1132 1845 ab

191 1874 329 1936 Ecclesia
348 1875 522 1955 principali,
546 1878 596 1936 vel
622 1878 711 1954 Juxta
734 1877 827 1936 ritum
854 1876 1041 1938 Latinorum
1067 1879 1130 1940 alia

191 1988 247 2049 per
260 1969 411 2031 ambitum
433 1969 530 2046 ipsius
544 1969 697 2041 ecclesiae,
718 1969 788 2053 janu
802 1973 868 2029 tum
882 1969 923 2030 ab
941 1972 1039 2030 etate
1054 1970 1131 2032 Gne

190 2067 269 2146 gerii
286 2066 405 2145 magni.
421 2066 527 2127 Altare
550 2072 618 2125 erat
632 2065 726 2127 linteo
751 2066 921 2141 obtectum,
936 2065 1065 2127 ciborio
1089 2069 1130 2129 ad

190 2163 375 2223 servandam
390 2161 610 2224 eucharistiam
625 2169 780 2234 ornatum,
797 2168 829 2223 et
840 2180 934 2241 snper
943 2160 1023 2222 illud
1033 2182 1127 2239 crux,

190 2263 221 2317 et
235 2257 351 2317 circum
366 2264 498 2337 utraque
510 2258 662 2319 exlatere
677 2257 879 2319 candelabra.

229 2350 278 2409 lV.
294 2350 469 2413 Eutemeres
482 2352 606 2415 ecclesie
620 2358 725 2430 partes
739 2360 828 2414 erant
842 2353 974 2415 {edificia
987 2372 1066 2433 quae
1086 2358 1127 2417 ad

188 2460 258 2503 eam
272 2444 479 2525 pertinebant,
507 2449 563 2509 sed
584 2449 665 2509 intra
688 2449 841 2511 ambitum
863 2449 1050 2512 interiorem
1075 2470 1126 2513 ec-

189 2540 291 2601 clesius
306 2559 368 2601 non
384 2544 634 2607 continebantur.
652 2545 743 2605 Tales
757 2553 847 2607 erant
869 2565 876 2606 ε

229 2639 259 2695 1⁰
273 2636 413 2698 Nurtbec
426 2638 555 2699 exterior
568 2643 637 2700 erat
658 2639 858 2717 vestibulum,
875 2640 958 2717 quod
982 2645 1128 2721 quatuor

188 2729 313 2809 perticis
323 2731 486 2792 constabat
499 2736 530 2790 et
539 2730 686 2810 cingebat
693 2732 817 2809 atrium,
829 2742 936 2793 areant
946 2750 1005 2794 sen
1013 2734 1126 2797 locum

188 2826 247 2886 sub
261 2826 312 2886 dio
335 2826 424 2902 cujus
438 2826 470 2886 in
494 2827 599 2886 medio
623 2834 713 2888 erant
735 2827 862 2888 concha
887 2844 1045 2905 aquamm
1071 2831 1127 2892 nbi

187 2921 346 2983 christiani
361 2920 524 2981 ecclesiam
537 2922 708 3000 ingressuri
723 2941 835 2983 manus
854 2929 886 2985 et
900 2941 936 2984 os
957 2922 1124 3002 lavabant,

188 3017 271 3077 unde
286 3017 457 3095 repetimus
471 3035 563 3077 usum
578 3035 669 3095 aqnae
683 3017 869 3079 benedicte.

226 3116 258 3172 2⁰
271 3113 389 3175 Caetera
406 3113 536 3175 edificia
550 3130 619 3191 quse
638 3107 777 3192 generali
791 3115 967 3175 ecedrorum
990 3116 1122 3179 nomine

187 3205 378 3268 vocabantur
392 3211 424 3269 cl
438 3214 536 3270 erant.

187 3402 289 3457 natus.

228 3486 425 3547 Secreterium
448 3492 513 3551 sive
527 3493 706 3555 diaconium
729 3496 782 3558 ubi
802 3514 892 3557 sacra
914 3497 1112 3563 indumento.
1215 3479 1216 3562 ζ

226 3300 453 3379 Baptiuterium,
479 3304 566 3366 locus
599 3302 778 3382 baptismati
805 3303 995 3368 conferendo
1024 3308 1119 3371 desti·
1215 3393 1216 3406 χ
