2442 4125
178 324 238 383 ato
385 328 613 377 rnsrrrurronns
633 324 718 371 soors
739 322 896 369 oenomai.

345 480 357 527 β
373 473 392 516 Ῑ.
408 485 435 518 bl
450 480 600 515 stncttsslno
615 477 774 513 lucanum
787 476 940 511 mullum

220 584 298 646 Vlll.
313 580 432 643 Placuit
445 578 565 640 Christo
585 576 737 639 Salvatori
758 583 864 637 nostro
885 576 966 637 iuter
988 584 1117 655 septem

180 685 374 743 sacramenta
402 694 498 735 unum
528 675 689 737 instituere
722 675 861 734 omnium
890 674 1117 751 praestantissi-

180 798 277 853 mum,
307 776 356 837 cui
385 790 448 834 non
470 778 593 833 tantum
617 769 725 849 gratiae
747 769 1029 849 dispensationem,
1056 772 1117 831 sed

180 891 268 935 suam
283 872 400 933 realem
414 868 612 949 praesentiam
626 866 775 944 alligavit.
788 868 853 926 Hoc
866 864 940 939 fecit
952 864 986 924 in
1001 864 1119 926 ultima

179 980 270 1024 coena
285 977 380 1037 quarn
395 956 505 1017 habuit
520 974 590 1015 cum
605 955 755 1032 apostolis
768 955 833 1016 suis
848 957 901 1017 ubi
917 955 1118 1017 discessurus

180 1059 219 1119 de
235 1054 425 1115 boemundo
447 1052 486 1112 ad
507 1054 639 1130 patrem,
660 1050 854 1111 ut-Ecclesioe
874 1050 1026 1129 passionis
1046 1070 1117 1111 suae

179 1147 363 1211 memoriale
377 1162 533 1227 perenne,
549 1149 713 1223 acceptum
727 1162 840 1222 panem
856 1151 886 1205 et
900 1146 1024 1221 viuum,
1043 1164 1118 1206 cor-

179 1264 237 1325 pus
253 1248 284 1307 et
298 1245 481 1323 sanguinem
498 1244 546 1304 sui
561 1242 663 1303 effecit
677 1242 809 1303 dicendo
827 1262 835 1305 s
853 1245 919 1305 Hoc
933 1246 981 1305 est
998 1262 1117 1323 corpus

178 1358 295 1411 meum,
311 1340 363 1400 hic
377 1342 425 1399 est
438 1339 517 1399 calix
528 1338 689 1417 sauguinis
700 1338 772 1415 mei,
785 1346 816 1401 et
830 1338 979 1418 apostolis
989 1354 1117 1401 eomm-

179 1454 240 1516 que
268 1436 300 1497 in
327 1433 501 1495 sacerdotio
529 1433 764 1495 successoribus
799 1438 835 1497 ut
861 1433 945 1495 idem
972 1434 1117 1497 facerent

179 1551 277 1612 usque
292 1530 333 1592 ad
346 1527 455 1591 muudi
469 1527 576 1604 linem,
592 1528 700 1589 tribuit
715 1532 914 1609 potestatem.
928 1534 994 1592 Hac
1005 1548 1118 1610 super-

179 1628 313 1690 naturali
328 1626 507 1706 operatione
523 1641 619 1700 quam
633 1624 773 1685 Ecclesia
784 1625 936 1686 catholica
950 1628 1118 1687 transubs-

178 1724 393 1785 tantiationem
408 1723 500 1782 vocat
513 1718 549 1779 fit
563 1722 596 1779 ut
610 1722 675 1780 tota
688 1719 863 1781 substantia
877 1722 967 1800 panis
981 1739 1118 1783 conver·

179 1819 262 1873 tatur
274 1813 306 1871 in
321 1828 444 1891 corpus,
462 1813 493 1871 et
507 1814 570 1871 tota
593 1810 767 1873 substantia
785 1812 850 1872 vini
870 1813 903 1871 in
926 1815 1115 1893 sanguinem

179 1906 302 1969 Domini
316 1905 415 1967 nostri
428 1906 642 1983 lesu-Christi,
659 1910 690 1967 et
709 1906 753 1967 sic
768 1924 918 1968 conversa
933 1916 1117 1988 perseveret
1176 1913 1178 1916 ’

180 2004 279 2066 donec
295 2000 463 2065 exteriores
478 2001 610 2081 speciae,
632 2018 688 2062 seu
706 2000 878 2065 accidentia
894 2004 984 2083 panis
998 2010 1030 2068 et
1049 2005 1115 2067 viui

180 2121 242 2164 non
262 2107 514 2180 corrumpuntur.
541 2100 638 2159 Porro
662 2116 734 2160 cum
755 2099 896 2161 Christus
921 2101 1117 2164 Dominusc

91 2243 95 2250 .
181 2199 311 2261 mortuis
338 2213 525 2276 resurgens,
555 2212 619 2255 non
646 2193 798 2255 moriatur
825 2194 960 2275 amplius
984 2196 1113 2258 obvim

181 2293 330 2354 naturalis
359 2293 500 2369 unionis,
531 2309 594 2368 qua
621 2293 727 2369 partes
752 2290 862 2351 Christi
891 2309 953 2351 non
976 2293 1116 2372 amplius

180 2387 321 2448 morituri
337 2387 519 2448 mirabiliter
533 2386 754 2447 consociantur
772 2386 870 2448 credit
888 2388 1028 2448 Ecclesia
1049 2408 1115 2449 una

180 2498 252 2542 cum
273 2497 402 2558 corpore
425 2487 456 2540 et
476 2481 663 2560 sanguinem
685 2485 716 2541 et
737 2482 876 2542 animam
900 2488 931 2544 et
954 2501 1017 2543 una
1039 2502 1115 2545 cum

181 2576 333 2658 sanguine
361 2591 489 2652 corpus,
520 2581 550 2636 et
578 2577 715 2635 animam
739 2575 901 2637 contineri.
927 2579 1116 2639 Humanitas

180 2675 287 2734 autem
300 2670 411 2733 Christi
426 2689 489 2730 non
504 2669 600 2732 habet
614 2671 869 2748 personalitatem
889 2676 920 2733 et
943 2673 1115 2735 subsisten-

181 2769 256 2832 tiam
271 2767 439 2848 propriam,
456 2767 511 2828 sed
525 2766 658 2828 aVerho
668 2768 766 2828 semel
776 2774 936 2848 assumpta
950 2786 1115 2847 nunquam

180 2865 308 2938 relicta,
344 2879 506 2940 nunquam
537 2861 743 2939 relinquenda
776 2863 915 2924 subsistit
947 2863 979 2923 in
1008 2863 1115 2924 divina

180 2959 340 3040 hypostasi
354 2959 448 3019 Verbi
463 2957 518 3020 Dci
534 2975 590 3018 seu
606 2960 653 3018 est
667 2965 778 3019 natura
792 2958 930 3021 bumana
939 2960 1034 3020 Verbi
1045 2961 1112 3022 Dei.

181 3056 227 3118 Ob
242 3055 335 3132 hujus
349 3053 433 3114 modi
448 3054 596 3115 unionem
614 3052 843 3133 hypostaticam
862 3053 898 3114 fit
912 3057 946 3115 ut
961 3073 1025 3114 uua
1042 3073 1115 3115 cum

181 3149 292 3212 Christi
308 3149 502 3210 humanitate
511 3152 543 3211 et
556 3146 701 3210 diviuitas
711 3149 820 3210 Christi
834 3149 1019 3228 reperiatur.
1035 3149 1114 3209 Cum

181 3247 286 3302 autem
301 3241 406 3302 divina
430 3241 541 3304 Christi
555 3249 668 3304 uatnra
688 3241 728 3303 sit
749 3243 861 3303 eadem
879 3243 932 3304 illa
954 3241 1115 3304 individua

182 3355 244 3398 una
259 3356 328 3416 quae
343 3340 469 3420 propria
485 3343 532 3402 est
544 3339 645 3402 Patris
658 3343 691 3401 et
705 3341 837 3418 Spiritus
857 3340 955 3402 sancti
971 3358 1027 3419 per
1042 3357 1112 3400 eam

182 3432 338 3494 actionem
356 3451 450 3510 quam
466 3435 603 3514 theologi
633 3434 959 3497 circumiacessionem
983 3440 1112 3507 vocant,

182 3533 250 3587 tota
261 3526 393 3588 Trinitas
406 3527 513 3587 divina
527 3528 694 3607 reperitur.
