2442 4125
333 363 372 408 or
392 363 521 410 cornero
541 364 625 411 ronrs
647 365 803 414 canorum.
974 359 1032 418 30¹1

97 509 279 584 utebantur,
294 510 327 569 et
340 508 499 569 communi
512 509 646 587 praside
669 511 846 574 studiorum
860 516 892 575 et
907 531 1033 576 morum

96 605 314 678 moderatorc;
330 605 387 666 sed
400 604 543 666 discendi
556 625 653 669 causa
665 609 792 688 publica
805 612 961 674 auditoria
971 613 1034 674 tre·

98 701 305 781 quentabant.
321 701 516 764 Pedctentim
529 703 563 762 in
576 704 653 781 ipsis
667 705 805 786 collegiis
825 707 933 768 doceri
949 727 1033 788 coep-

96 801 167 858 tum
176 800 243 868 cst;
259 797 303 858 ita
316 796 522 876 multiplicata
535 802 567 859 et
580 799 676 860 variis
683 801 715 860 in
723 801 800 862 locis
816 805 959 866 extructa
974 805 1032 865 ha-

94 891 236 950 buerunt
255 889 381 967 publica
400 891 567 968 gymnasia
579 908 636 969 pro
652 891 834 954 liberalibus
848 895 983 972 artibus,
1001 900 1032 958 et

95 984 324 1063 philosophicis
336 985 387 1046 vel
404 985 590 1064 theologicis
602 987 715 1050 studiis
729 990 891 1052 tradendis
908 990 1032 1070 singula

94 1097 155 1157 pro
170 1097 229 1138 sua
243 1079 437 1142 institutione
451 1079 527 1160 quin
540 1080 622 1142 toret
637 1083 850 1144 necessarium
872 1083 959 1146 adire
976 1103 1031 1164 pu·

95 1177 198 1238 blicas
212 1177 442 1240 universitates.

474 1271 654 1318 Iit-seminaris.

137 1369 205 1430 XII.
221 1367 373 1430 institutis
387 1369 431 1430 ita
445 1368 587 1447 pluribus
605 1369 860 1435 universitatibus
885 1378 916 1437 et
939 1377 1031 1438 colle-

49 1482 51 1487 ·
93 1465 158 1546 giis
172 1482 242 1544 quae
256 1467 345 1526 tanta
357 1464 442 1526 tama
456 1467 487 1527 et
500 1465 594 1528 lauda
609 1467 676 1528 sive
690 1469 836 1530 scientias
850 1471 916 1531 sive
930 1472 1030 1534 bones

94 1567 181 1624 artes
208 1561 393 1636 tradebant,
430 1561 659 1624 adamaverunt
694 1563 798 1640 plures
827 1565 1030 1628 ecclesiarum

93 1657 218 1739 praelati
233 1660 267 1720 ut
282 1656 386 1718 clerici
396 1655 538 1736 juniores
553 1657 593 1719 ad
615 1658 794 1720 academias
814 1662 846 1721 et
865 1665 1031 1738 gymnasia

94 1753 224 1834 publica
246 1753 456 1815 mitterentur.
479 1753 674 1816 selectorum
698 1757 934 1816 antecessorum
957 1756 1029 1820 dcc

93 1850 190 1925 trina,
207 1849 344 1927 plurium
357 1866 394 1910 eo
409 1849 664 1911 convenientium
678 1850 847 1927 aemuiatio,
862 1853 1031 1916 commoda

93 1944 214 2006 adium
226 1945 259 2005 in
272 1945 306 2005 id
315 1948 530 2006 extructarum
545 1945 673 2006 eosdem
688 1946 836 2024 praelatos
850 1963 1030 2010 commove·

93 2045 170 2103 runt
182 2043 218 2103 ut
230 2040 263 2101 id
277 2039 398 2103 consilii
411 2043 582 2120 caperent:
598 2041 684 2103 unde
699 2057 791 2103 omne
807 2059 885 2120 opus
904 2043 1027 2106 institu-

92 2137 190 2199 tionis
203 2136 370 2215 theologiae
386 2139 417 2198 et
431 2138 591 2199 canonica
612 2136 645 2196 in
665 2136 810 2199 doctores
830 2137 1029 2201 academicos

93 2241 127 2299 et
140 2235 325 2297 interiorum
339 2235 517 2297 studiorum
535 2237 569 2297 in
592 2238 801 2315 praeoeptores
826 2236 1029 2317 collegiorum

93 2332 314 2394 devolvernnt.
331 2331 422 2393 Unde
437 2332 469 2391 in
483 2331 626 2411 pluribus
649 2332 787 2393 ecclesiis
806 2333 892 2395 nuda
905 2352 1030 2397 reman-

92 2430 203 2489 serunt
217 2426 344 2489 nomina
357 2433 531 2503 centorum,
548 2426 810 2507 primiceriorum,
826 2430 1030 2493 scholastico-

92 2540 166 2583 rum
182 2524 214 2582 et
226 2521 456 2599 theologorum,
472 2519 619 2582 videlicet
633 2521 700 2581 sine
716 2521 849 2584 docendi
864 2523 978 2585 officio.

135 2616 199 2679 Sed
217 2616 292 2679 licet
314 2615 534 2677 universitates
558 2619 590 2677 et
612 2616 744 2695 collegia
766 2618 943 2678 litterarum
964 2623 994 2680 st
1015 2654 1030 2664 -

93 2714 186 2776 dium
208 2712 329 2773 facilius
353 2712 560 2788 reddiderim,
586 2712 795 2791 scientiasque
816 2713 1027 2789 provexerint,

93 2808 261 2888 disciplina
274 2812 380 2870 temen
395 2811 427 2869 et
447 2825 551 2868 mores
566 2807 753 2869 clericorum
768 2807 940 2868 deteriores
955 2811 1028 2869 suut

93 2903 221 2965 redditi.
232 2904 273 2963 ·ln
287 2904 374 2963 tanto
390 2902 475 2961 enim
486 2902 639 2981 juvenum
655 2902 800 2962 confluxu
819 2900 859 2961 ab
874 2902 1029 2961 extraneis

92 2999 252 3078 magistris
266 3015 328 3058 non
343 2997 388 3057 sic
400 2998 433 3057 in
449 2996 552 3058 officio
568 3001 738 3076 potuerunt
753 2996 908 3059 contineri
922 2996 1028 3057 eleuci

94 3093 178 3155 siout
196 3112 215 3153 a
233 3092 429 3171 primicerio,
448 3093 672 3156 archidiacono
699 3094 758 3154 sub
784 3091 882 3155 oculis
908 3090 1029 3169 episco-

94 3206 221 3266 porum.

134 3284 265 3359 Interim
293 3284 397 3345 clerici
424 3286 457 3346 in
483 3285 653 3346 academiis
681 3285 823 3345 viventes
849 3288 940 3344 eraut
962 3284 1029 3343 sine

95 3380 268 3458 functione,
280 3382 439 3461 degebant
448 3384 480 3444 in
492 3388 576 3443 eoetu
589 3382 744 3443 laicorum
757 3380 1027 3457 scholasticorum,

97 3479 182 3540 unde
195 3479 348 3540 laicorum
363 3497 468 3540 mores
481 3479 684 3540 imbiberunt.
1123 3464 1125 3467 ¹

135 3577 204 3637 Hoc
225 3576 352 3637 intuens
380 3576 520 3637 Ecclesia
548 3576 670 3638 curavit
690 3580 725 3637 ut
747 3575 861 3639 iterum
882 3574 987 3637 eleuci
1011 3590 1029 3631 a
