2442 4125
175 309 232 367 116
387 320 617 367 rusrrrorrours
637 322 720 370 rums
742 316 898 371 eruentur.

174 466 295 528 clericis
316 482 479 541 concessa,
507 467 539 526 et
559 464 600 525 ab
620 465 696 543 ipsis
718 467 917 545 opinionibus
939 460 1015 534 hino
1042 478 1128 541 inde

175 561 277 621 citatis
290 561 460 620 instructus
482 561 565 641 quod
588 579 646 621 nee
668 578 759 647 omne
781 563 822 623 ad
840 564 893 644 jus
914 567 1067 631 divinum
1091 574 1129 634 in

174 658 236 717 hoc
250 656 413 736 privilegio
427 656 629 716 referendum
644 661 701 735 est,
719 677 778 719 nec
798 664 901 722 totum
922 664 963 723 ad
982 664 1038 745 jus
1064 669 1128 730 hu-

174 769 315 826 manum,
332 752 388 812 sed
401 753 504 830 primo
518 753 586 814 loco
600 771 750 816 recenseo
765 756 899 817 interea
914 778 986 838 quae
1002 762 1129 826 funda-

175 854 317 909 mentum
339 853 370 909 et
392 848 645 910 convenientiam
666 851 795 929 quidem
810 853 928 916 habeut
948 874 1022 917 cum
1044 859 1128 938 jure

175 942 293 1019 divino,
310 942 366 1003 sed
378 942 450 1021 jure
466 943 604 1003 humano
620 946 834 1022 staturosum,
857 947 950 1023 etita
968 951 1053 1012 milri
1076 955 1130 1014 vi-

175 1034 253 1095 deor
276 1036 436 1095 oolraerere
459 1037 554 1097 Gouo.
580 1036 666 1097 Trid.
698 1055 775 1099 sess.
804 1043 854 1117 25,
885 1060 912 1102 e.
943 1046 994 1120 20,
1026 1050 1126 1125 quod

175 1134 343 1209 utrumque
358 1132 548 1191 elementum
564 1133 629 1193 sive
641 1132 721 1212 juris
737 1134 834 1195 divini
849 1137 914 1197 sive
934 1139 1075 1203 humani
1092 1145 1127 1205 in

175 1222 269 1301 hujus
287 1222 368 1301 juris
388 1226 611 1286 constitutione
634 1227 857 1289 animadvertit
878 1249 974 1308 quum
997 1235 1096 1297 dicat
1118 1261 1125 1299 :

180 1340 195 1375 u
208 1318 355 1379 Ecclesia
370 1324 401 1380 et
415 1339 622 1398 personarum
636 1322 919 1387 ecclesiasticarum
929 1328 1128 1395 immunitas

176 1416 231 1475 Dei
255 1414 452 1476 ordinatione
474 1421 505 1478 et
526 1418 685 1479 canonicis
708 1422 921 1482 sanctionibus
942 1427 1129 1492 constituta

175 1512 233 1567 est.
250 1528 265 1565 o
283 1539 324 1550 —
337 1509 403 1567 Hoc
424 1512 531 1569 autem
551 1509 595 1569 sio
616 1510 736 1588 explico
760 1532 766 1574 :
788 1514 900 1574 Clerici
918 1518 1128 1585 considerari

176 1610 308 1683 possunt
322 1625 386 1685 qua
400 1607 505 1667 clerici
520 1610 551 1668 et
570 1626 633 1687 qua
651 1609 747 1671 cives,
769 1612 837 1682 Qua
855 1612 959 1675 clerici
974 1616 1053 1695 jure
1078 1622 1128 1683 di-

176 1701 250 1761 vino
274 1703 452 1762 eximuntur
471 1702 614 1763 absolute
636 1721 656 1763 a
676 1707 830 1782 potestate
852 1708 932 1771 laica
954 1712 1004 1771 eui
1026 1716 1129 1777 nulla

176 1793 327 1869 competit
337 1792 516 1871 jurisdictio
531 1794 563 1853 iu
578 1813 629 1856 res
643 1796 834 1874 spirituales.
846 1803 931 1863 *Haec
952 1804 1028 1865 facit
1055 1808 1127 1871 dis-

175 1888 284 1949 tinctio
315 1890 434 1950 Natalis
461 1890 643 1953 Alexandri.
674 1896 741 1965 Qua
769 1897 863 1974 cives,
894 1900 1039 1961 absolute
1075 1906 1128 1967 lo-

176 1985 302 2066 quendo
325 1994 389 2047 non·
413 1991 581 2050 censentur
604 1988 759 2052 immunes
784 1993 842 2054 nisi
866 1994 1061 2077 eximantur,
1094 2008 1127 2066 et

176 2082 238 2142 huc
252 2086 373 2161 spectat
387 2084 608 2146 Bellarminus.

431 2258 477 2302 lll.
490 2260 522 2304 De
533 2260 647 2304 duratione
658 2263 727 2304 statuo
739 2261 852 2307 clericulis.

216 2367 311 2430 XVll.
328 2370 364 2428 In
383 2369 567 2434 charactere
585 2379 806 2441 sacramentali
825 2380 888 2442 duo
906 2380 982 2442 mihi
999 2381 1126 2448 viden-

176 2465 228 2524 tur
242 2460 506 2541 deprehendere·

217 2562 248 2619 l⁰
258 2559 418 2623 Internum
429 2565 668 2643 quemdams
637 2587 723 2630 um
733 2575 980 2650 supernaturelrs
990 2578 1123 2643 ordrnrs

176 2647 288 2718 saltem
302 2677 359 2736 per
372 2662 471 2722 totam
481 2663 562 2725 hanc
572 2665 670 2727 vitam
680 2679 928 2750 permanentem,
941 2691 1003 2753 quo
1015 2677 1121 2744 homo

176 2756 386 2830 quarumdam
421 2757 606 2821 facultatum
641 2765 672 2824 et
699 2766 908 2843 quorumdam
935 2769 1121 2836 officiorum

175 2850 332 2931 particeps
346 2852 490 2915 redditur
504 2872 611 2918 coram
626 2859 702 2920 Deo.
769 2851 772 2858 ’

214 2948 246 3004 2⁰
255 2947 404 3008 Ordinem
416 2950 586 3028 quemdam
596 2955 636 3014 ad
647 2959 763 3017 statum
773 2961 992 3040 occupandum
1002 2980 1118 3027 coram

175 3039 316 3101 Ecclesia
318 3044 396 3122 ‚qui
411 3046 534 3109 interno
549 3048 594 3108 illi
610 3052 704 3112 statui
719 3056 918 3132 respondeat.

215 3137 298 3214 Ergo
321 3145 586 3206 exsecramentis
603 3149 663 3226 qui
686 3147 871 3228 imprimunt
893 3155 1117 3220 characterem

176 3229 291 3306 duplex
305 3235 445 3296 nascitur
458 3243 557 3302 status
579 3262 586 3304 :
607 3243 756 3320 Internus,
776 3247 940 3312 Ecternas.
963 3253 1052 3314 Alter
1071 3257 1115 3316 ad

176 3325 311 3387 alterum
324 3330 508 3396 relationem
522 3338 611 3416 dicit,
627 3346 658 3402 et
671 3342 758 3404 velut
771 3343 872 3405 forma
887 3351 918 3409 et
932 3350 1039 3410 anima
1049 3357 1110 3415 est.

177 3421 239 3481 Sed
254 3423 334 3484 alter
347 3426 489 3490 absolute
504 3451 541 3491 ex
553 3434 625 3512 jure
650 3437 756 3499 divino
778 3440 942 3503 deseendit
929 3445 1052 3520 telier
1071 3465 1113 3508 ex

173 3511 244 3589 jure
259 3514 388 3577 divino
380 3536 412 3576 ru
426 3537 543 3598 genere
557 3527 753 3605 requiritur,
749 3531 843 3592 ·'sed
834 3550 867 3592 rn
887 3489 993 3612 spe⁷oie
1014 3537 1112 3598 relin-
