2442 4125
352 358 391 405 or
412 360 541 409 osracro
560 363 644 410 suuis
666 365 821 414 canorum.
993 362 1050 422 lor

113 503 352 585 inquisitionem
379 505 496 566 factam
523 507 717 570 continentes
745 511 980 589 quamprimum
1009 516 1049 577 ad

113 602 300 680 episcopum
313 600 523 664 mitterentur.
540 603 587 663 lta
600 621 670 684 cap.
687 623 811 684 usass.
828 609 951 670 XXIll:
975 612 1049 672 «Illi

113 716 191 758 vero
215 697 269 776 qui
290 696 330 756 ad
357 696 488 776 singulos
514 697 651 777 majores
673 705 766 762 amnt
790 705 970 766 assumendi
993 724 1051 785 per

113 808 259 851 mensem
286 794 359 854 ante
383 791 613 853 ordinationem
637 794 819 874 episcopum
843 796 969 874 adeant,
996 799 1049 878 qui

113 887 256 966 parocho
271 892 326 948 aut
339 887 431 948 alteri
444 889 495 949 cui
508 889 609 970 magis
624 890 771 969 expedire
786 892 945 954 videbitur
963 912 1050 956 oom-

113 983 232 1058 mittat,
248 986 283 1043 ut
302 984 481 1044 nominihus
500 988 533 1045 et
553 984 709 1047 desiderio
731 1005 841 1048 eorum
865 988 919 1068 qui
940 989 1049 1052 volunt

114 1078 298 1158 promoveri
310 1078 436 1156 publice
451 1079 482 1139 in
501 1080 642 1140 Ecclesia
663 1083 830 1160 propositis
848 1084 887 1145 de
909 1085 1049 1164 ipsorum

114 1173 364 1234 ordinandorum
379 1174 547 1251 natalibus,
564 1180 668 1254 etate,
680 1177 820 1238 moribus
835 1182 867 1240 et
879 1180 944 1241 vita
957 1180 1047 1242 afidc

114 1267 220 1348 dignis
248 1267 416 1347 diligenter
441 1268 599 1346 inquirat,
631 1273 662 1331 et
684 1269 802 1331 litteras
825 1271 1048 1336 testimoniales

111 1365 216 1442 ipsam
242 1364 476 1443 inquisitionem
502 1363 621 1425 factam
648 1366 844 1429 continentes
873 1367 914 1429 ad
941 1367 1046 1448 ipsum

114 1459 299 1541 episcopum
313 1461 546 1540 quamprimum
559 1461 761 1525 tansmittat.
779 1485 793 1522 o

154 1559 228 1620 3⁰A
244 1557 426 1636 suscipiente.
442 1557 688 1630 -Tirocinium
711 1580 717 1621 :
740 1559 886 1622 videlicet
905 1560 986 1622 siout
1006 1562 1047 1621 ab

112 1653 152 1713 iis
181 1654 235 1733 qui
261 1653 420 1732 baptisma
447 1660 608 1733 expetunt,
632 1656 729 1736 exigit
751 1655 1046 1718 catechumenatum

113 1766 178 1828 quo
193 1751 241 1810 est
254 1748 296 1808 ad
310 1749 467 1828 baptisma
487 1750 703 1830 suscipiendos
726 1751 873 1832 disponit,
900 1752 992 1813 simul
1016 1755 1047 1813 et

110 1847 240 1907 illorum
253 1847 451 1908 vocationem
464 1849 589 1927 probat,
606 1866 645 1908 ne
659 1848 835 1911 inconsulto
854 1849 895 1909 ad
914 1848 1047 1910 societa-

111 1945 178 2004 tem
200 1941 422 2006 adscribantur
446 1963 453 2005 ε
477 1944 523 2004 ita
540 1961 598 2005 nec
618 1944 658 2003 ad
678 1943 796 2004 ordinis
815 1949 1045 2005 sacramentum

110 2041 180 2103 sine
192 2040 383 2120 precedenti
398 2041 503 2121 aliquo
517 2038 662 2102 tirocinio
682 2039 866 2103 admittitur.
887 2043 962 2102 Haec
982 2041 1046 2101 dis-

109 2137 242 2217 positio,
266 2136 326 2197 hoc
354 2137 533 2198 tirocinium
560 2135 731 2215 specialem
758 2136 891 2213 sumpsit
910 2136 1061 2199 formam'

110 2233 197 2293 cirea
210 2250 282 2294 saec.
299 2233 396 2294 v1vel
411 2248 467 2303 ru.
491 2235 571 2293 Nam
584 2230 730 2293 traducta
742 2232 774 2291 in
789 2230 907 2292 clerum
922 2232 963 2293 ad
982 2233 1046 2294 ins·

110 2334 163 2391 tar
191 2328 420 2389 monachorum
441 2328 625 2407 capillorum
645 2333 786 2403 tonsura,
809 2329 841 2387 et
860 2326 942 2390 facta
964 2326 1045 2389 inter

110 2421 244 2482 clericos
257 2417 289 2482 et
302 2421 399 2483 laicos
412 2423 547 2483 vestium
562 2421 761 2483 distinetione
777 2421 859 2501 (laici
874 2422 957 2483 enim
971 2412 1045 2483 ada-

109 2515 243 2575 mabant
264 2515 413 2577 breviora
434 2514 643 2577 barbarorum
662 2515 864 2591 vestimenta,
886 2516 1044 2596 longiores

110 2612 326 2671 Romanorum
340 2612 443 2670 vestes
457 2609 579 2670 clericis
593 2607 800 2687 manserunt),
811 2608 913 2668 visum
929 2612 976 2668 est
990 2626 1044 2685 op-

108 2704 224 2765 timum
238 2711 273 2764 ut
286 2722 379 2765 nemo
395 2704 435 2764 ad
456 2704 583 2765 ordines
606 2707 846 2783 promoveretur
868 2702 928 2763 nisi
949 2702 1044 2762 etiam

109 2801 237 2863 habitus
251 2800 424 2862 mutatione
439 2801 522 2862 clero
538 2799 667 2879 diguam
681 2799 778 2861 vitam
788 2798 1000 2879 profiteretur,
1013 2800 1045 2858 et

108 2894 241 2974 quidem
268 2896 352 2974 apud
375 2896 558 2976 episcopum
582 2914 601 2955 a
625 2912 687 2975 quo
711 2898 773 2956 stat
793 2894 888 2954 etiam
911 2892 1045 2951 solemni

81 2975 85 2983 ⁸
106 2990 171 3051 ritu
186 2989 371 3051 tonderetur
384 2995 415 3052 et
428 2995 531 3053 vestes
545 2991 705 3052 clericales
720 2989 887 3066 acciperet.

150 3090 226 3149 Haec
240 3089 344 3151 elerici
358 3090 559 3170 inauguratio
574 3090 659 3152 diota
674 3094 721 3148 est
733 3086 836 3168 prima
853 3088 995 3162 tonsura,
1013 3088 1045 3146 et

107 3184 189 3245 ritus
210 3184 339 3263 quidem
360 3190 391 3247 et
414 3185 577 3264 dispositio
601 3185 642 3245 ad
666 3182 880 3261 suscipiendos
904 3182 1043 3243 ordines.

105 3267 166 3342 ¹Est
180 3299 256 3360 ergo
271 3281 374 3361 prima
390 3287 521 3345 tonsura
547 3303 561 3340 c
582 3281 718 3343 exterior
739 3279 867 3359 quidam
889 3281 967 3342 ritus
988 3297 1044 3340 seu

109 3378 301 3439 caeremonia
322 3379 534 3440 ecclesiastica
553 3396 617 3457 qua
636 3376 738 3437 fidelis
753 3376 821 3457 jam
840 3378 1045 3439 confirmatur

107 3488 167 3549 per
190 3470 367 3545 tonsionem
393 3473 578 3551 capillorum
601 3473 759 3553 vestisque
779 3472 930 3533 clericalis
948 3472 1044 3533 tradi-

108 3566 228 3627 tionem
242 3565 351 3627 divino
364 3568 490 3629 servitio
505 3567 662 3631 addicitur
674 3570 707 3629 in
721 3568 938 3631 ecclesiasticis
953 3567 1044 3626 mini-
