2442 4125
389 305 427 349 nn
448 303 578 352 onsacro
598 307 681 354 auara
704 307 859 356 ornamur.
1033 302 1090 361 {37

155 449 275 524 missio,
292 452 439 510 manente
457 447 592 510 vinculo.
609 451 683 510 lam
701 469 776 512 vero
791 454 932 517 Christus
951 475 1014 518 non
1034 477 1092 537 po-

155 548 240 610 terat
262 544 443 605 immediate
470 545 661 624 respondere
690 549 855 627 quaestioni
885 551 1088 633 disciplinari,

157 641 233 720 quia
251 657 324 700 cum
343 639 474 718 quaestio
489 637 696 717 disciplinaris
718 641 906 704 fulciebatur
927 649 1089 725 supposito
1169 696 1172 702 .

156 735 335 815 dogmatice
356 751 499 811 erronee,
516 735 689 813 pericnlum
712 741 790 814 erat,
807 757 846 799 ne
867 743 1088 819 respondendo

156 832 325 912 quaestioni
338 830 541 909 disciplinari,
558 832 755 911 suppositum
768 833 846 894 illud
861 837 1087 898 confirmasset.
1143 899 1145 904 ,

197 927 280 1004 Ergo
295 924 404 986 debuit
417 925 613 1004 suppositum
627 929 769 988 evertere
783 928 882 1006 prius,
895 932 926 991 et
935 930 979 991 ita
988 936 1090 992 tutam

156 1023 217 1084 sibi
239 1022 324 1083 viam
347 1039 459 1099 parare
478 1022 519 1082 ad
533 1021 722 1084 solutionem
746 1026 927 1104 quaestionis
952 1027 1090 1106 discipli-

156 1116 254 1178 naris.
275 1115 379 1176 Posito
401 1133 477 1194 ergo
496 1115 579 1194 quod
604 1117 796 1176 matrimonii
823 1119 985 1180 vinculum
1007 1124 1090 1183 essct

155 1211 332 1288 insolubile,
349 1211 477 1290 rigebat
490 1210 596 1271 adhue
612 1211 742 1290 quaestio
761 1213 934 1293 proposita,
951 1234 1003 1292 an,
1019 1233 1089 1276 ma-

153 1311 250 1367 nente
271 1304 412 1381 vinculo,
428 1304 536 1384 aliqua
556 1323 595 1364 ex
616 1323 713 1366 causa
732 1313 840 1386 posset
860 1326 939 1372 uxor
959 1310 1084 1373 dimitti.

155 1402 296 1463 Christus
310 1400 482 1479 respondet
495 1401 681 1464 affirmative
693 1408 725 1463 et
733 1406 880 1483 proponit
894 1406 1088 1469 ordinariam

155 1497 317 1559 solutionis
340 1514 487 1557 causam:
504 1495 737 1574 fornicationem.
764 1501 983 1578 Evangelista,
1008 1503 1089 1564 siout

154 1597 363 1671 proposuerat
373 1592 555 1671 implicitam
563 1593 595 1653 in
604 1593 778 1673 quastione
789 1593 1088 1674 disciplinariquaes·

153 1689 272 1750 tionem
292 1689 504 1768 dogmaticam
518 1689 762 1767 Pharisaeorum,
779 1690 824 1751 ita
836 1689 869 1749 in
884 1690 1087 1767 responsione

154 1785 196 1847 ad
220 1801 350 1844 causam
377 1785 589 1864 dogmaticam
617 1784 749 1847 includit
780 1787 1018 1864 responsionem
1046 1787 1087 1847 ad

154 1898 284 1942 oausam
299 1879 542 1958 disciplinarem.

193 1980 295 2038 Lucas
316 1979 348 2038 et
368 1977 483 2037 Paulus
499 1976 552 2056 (ad
574 1975 762 2055 Corinthios)
778 1977 941 2055 proferunt
962 1982 1088 2040 senten-

102 2130 109 2142 ,
152 2075 231 2136 tiam
245 2072 457 2152 dogmaticam
471 2072 625 2149 absolute,
639 2072 714 2152 quin
728 2072 867 2134 referant
881 2074 1087 2151 quastionem

153 2164 399 2248 disciplinarum.
417 2171 541 2232 Marcus
555 2167 653 2229 refert
667 2168 873 2247 quaestionem
894 2167 1087 2247 propositam

153 2284 173 2325 a
185 2263 363 2341 Pharisaeis,
379 2265 435 2325 sed
457 2264 646 2342 praescendit
666 2282 684 2325 a
706 2262 878 2343 quastione
894 2262 1088 2342 disciplinari

122 2379 126 2384 ·
153 2365 186 2421 et
208 2360 356 2438 proponit
378 2360 583 2440 quaestionem
610 2360 845 2441 dogmaticam:
867 2361 900 2423 Si
923 2362 996 2424 licet
1019 2361 1086 2422 viro

153 2456 312 2518 dimittere
334 2475 475 2519 uxorem.
493 2459 567 2519 Haec
592 2475 688 2520 causa
710 2463 757 2519 est
772 2475 869 2537 quara
893 2476 956 2521 non
977 2457 1089 2519 habuit

153 2554 369 2631 exceptionem
385 2571 480 2633 quam
495 2554 592 2617 babet
605 2555 771 2617 Mathaeus.

194 2648 299 2709 Posito
318 2650 426 2709 autem
446 2648 531 2728 quod
546 2648 614 2709 haeo
630 2648 724 2708 fuerit
746 2646 872 2709 Mathaei
895 2665 996 2722 mens,
1013 2664 1089 2725 quo-

152 2745 249 2807 modo
271 2745 465 2823 explicatur:
483 2745 542 2820 Qui
559 2744 704 2808 dimiserit
729 2763 849 2805 oaorem
872 2761 953 2803 seem
977 2744 1036 2803 nisi
1053 2745 1088 2806 od

151 2840 372 2919 fornicationem
390 2849 419 2901 et
438 2840 528 2901 ulium
547 2840 676 2917 duxerit,
693 2837 871 2901 moechatur?
885 2838 919 2899 ln
934 2838 1087 2899 similibus

152 2934 419 3014 propositionibus
442 2953 513 3015 quae
536 2937 680 2997 constant
702 2933 825 2995 duabus
847 2931 964 3007 incisis,
982 2933 1014 2991 et
1035 2931 1089 2991 ba·

151 3033 229 3094 bant
241 3032 374 3093 verbum
388 3032 493 3108 finale,
509 3031 643 3091 verbum
657 3030 697 3091 de
712 3032 826 3090 natura
840 3028 953 3089 snaed
967 3030 1089 3089 utrum-

153 3146 214 3207 que
242 3126 374 3187 incisam
402 3126 594 3206 porrigitur3
629 3124 686 3187 sed
715 3124 859 3185 limitatio
891 3142 960 3204 quae
991 3140 1089 3184 unum

152 3220 287 3281 incisum
301 3220 399 3283 afficit
412 3239 475 3282 non
489 3223 593 3300 potest
606 3220 648 3280 ad
663 3218 749 3280 aliud
765 3220 921 3299 protendi.
937 3220 1087 3299 Exemplo

152 3316 194 3375 sit
208 3315 276 3376 haec
289 3316 461 3396 propositio
476 3336 483 3379 ε

195 3410 227 3471 Si
247 3412 317 3490 quis
333 3412 491 3492 jejunium
509 3428 573 3473 non
592 3411 784 3488 servaverit,
803 3412 865 3473 nisi
885 3412 1013 3474 obtenta
1031 3410 1096 3471 dis-

153 3507 352 3586 pensatione,
373 3508 423 3569 val
442 3506 500 3568 nisi
520 3506 710 3569 infirmitatis
731 3525 844 3593 causa,
862 3510 895 3569 et
909 3526 942 3567 se
956 3506 1091 3567 inebria·

424 3593 433 3607 .
974 3600 1003 3653 8*
