2442 4125
224 323 283 381 {aa
435 330 666 378 lusmnumonns
686 329 769 375 rums
791 328 947 375 annorum.

223 480 281 542 sile
305 478 364 539 fuit
386 474 530 555 conjugis
552 472 736 535 societatem
762 470 922 545 fastidir03
950 470 1028 533 inde
1064 475 1171 536 amisit

223 574 405 654 conjuginm
425 590 506 631 suom
527 568 762 649 perpetuitatem.
787 566 921 628 Proinde
943 568 1168 647 polygamiam
1218 566 1219 659 J

222 665 346 743 excepit
358 663 563 743 repudiatum
581 664 613 723 et
631 660 838 723 divortiorum
855 660 995 738 licentia,
1012 662 1168 743 frequen·
1218 686 1219 747 ς

221 764 266 823 tia
285 766 316 824 et
334 761 474 822 libertas.
490 757 603 819 Libido
621 757 713 817 facile
731 758 831 818 suasit
848 773 946 820 novas
966 764 1045 837 post
1061 760 1164 822 divor-
1218 768 1219 801 t

221 857 300 919 tium
314 854 451 933 nuptias,
466 852 557 933 quasi
571 852 707 930 primum
726 851 886 912 vinculum
905 851 1053 913 solutum
1073 854 1161 916 foret.
1218 880 1219 887 ¹

222 955 269 1013 Itu
283 953 418 1013 alterum
431 948 666 1028 depravationis
680 946 827 1027 gradum.

260 1051 294 1108 3⁰
315 1049 361 1107 Ex
384 1045 563 1125 hujusmodi
587 1045 743 1105 malorum
766 1043 954 1123 frequentia,
980 1062 1020 1105 ex
1049 1046 1159 1125 quibus

221 1162 278 1221 pro
292 1141 393 1203 lubitu
402 1141 605 1203 ducebantur
623 1145 654 1203 et
673 1140 912 1202 dimittebantur
929 1158 1063 1219 uxorea,
1082 1143 1159 1205 vide

221 1240 261 1300 tis
285 1239 429 1301 charitati
454 1243 485 1300 et
507 1238 606 1300 amori
631 1236 806 1316 conjugali,
829 1235 968 1297 libidinis
993 1255 1155 1314 amorem,

222 1335 362 1398 societati
380 1334 579 1414 permanenti
592 1338 848 1395 momentaneum
862 1334 1019 1410 passionis
1037 1340 1155 1411 aestum,

220 1433 264 1494 ita
280 1433 460 1507 succedere,
490 1440 525 1490 ut
544 1430 683 1490 libidinis
705 1429 986 1507 adimplementum
1008 1448 1073 1509 pro
1094 1432 1155 1510 lage

220 1530 402 1607 nuptiarum
428 1527 609 1588 haberetur.
634 1527 717 1605 Ergo
736 1524 924 1604 parvipensa
941 1530 1018 1585 sunt
1037 1528 1158 1606 nuptia·

219 1645 291 1687 rum
305 1644 413 1701 onera,
429 1624 600 1685 dnmmodo
615 1624 686 1683 finis
701 1622 752 1683 ille
769 1622 975 1684 obtineretur.
993 1624 1078 1685 Inde
1093 1642 1154 1702 pro·

220 1721 306 1780 diere
324 1720 509 1779 incestuosa
528 1723 560 1781 et
578 1720 680 1780 omnis
699 1720 823 1799 generis
846 1718 962 1796 nuptiae
985 1719 1152 1783 nefaria...

219 1832 294 1873 usus
305 1813 486 1892 nuptiarum
500 1819 610 1874 contra
619 1815 720 1893 ipsam
731 1819 915 1876 naturam...
929 1813 1067 1877 demum
1081 1817 1153 1895 ipsa-

219 1927 290 1970 rum
316 1907 497 1987 nuptiarum
519 1908 692 1987 fastidium,
722 1916 754 1971 et
780 1909 894 1993 horror
921 1911 1150 1990 estprincipio,

219 2005 345 2087 quando
359 2004 426 2066 sine
440 2004 624 2086 gravamine
638 2005 832 2086 nuptiarum,
848 2008 954 2085 posset
971 2022 1034 2084 pro
1057 2006 1152 2068 lubitu

218 2103 336 2184 expleri
366 2102 474 2165 libido.
500 2104 547 2164 En
578 2103 723 2164 ultimum
753 2102 888 2182 gradum
918 2102 1151 2180 depravationis

217 2200 420 2276 matrimonii,
433 2218 494 2278 quo
505 2198 639 2260 societas
654 2198 804 2259 abhorret
818 2217 837 2259 a
851 2198 1001 2279 conjugio
1017 2218 1060 2260 ex
1074 2199 1152 2278 prin-

218 2295 311 2372 cipio,
324 2295 375 2355 vel
388 2295 433 2354 ita
445 2295 544 2357 utitur
557 2293 717 2374 conjugio,
731 2297 766 2356 ut
779 2294 903 2356 studeat
918 2294 1019 2355 vitare
1036 2313 1078 2356 ex
1091 2297 1150 2356 arte

217 2386 354 2446 filiorum
367 2387 629 2464 procreationem,
642 2388 733 2447 unice
744 2387 910 2449 intendens
919 2391 955 2450 ut
964 2387 1081 2467 libido,
1093 2403 1147 2469 quo

217 2481 285 2542 fieri
300 2483 398 2558 possit
411 2482 530 2544 nefario
545 2483 651 2561 modo,
669 2483 842 2564 expleatur.

257 2580 331 2640 Haec
351 2577 413 2640 tria
433 2578 535 2640 stadia
558 2579 793 2659 degradationis
817 2579 1001 2642 societatem
1025 2597 1149 2658 percur-

216 2673 293 2734 risse
308 2678 381 2735 ante
396 2675 570 2737 adventum
584 2675 720 2753 Domini,
737 2694 800 2738 non
815 2676 958 2738 obstante
968 2674 1147 2754 ethioapbi-

215 2770 360 2850 losopbia
393 2775 425 2832 et
452 2769 536 2831 oivili
563 2771 705 2849 cultura,
736 2773 856 2833 cunctis
885 2775 931 2834 est
958 2776 1072 2836 notum
1099 2768 1145 2851 qui

215 2866 412 2946 paulisperin
420 2866 938 2946 historia,praesertimethnicismi,
947 2869 1067 2930 versati
1079 2867 1143 2928 sint.

253 2965 306 3024 Ill.
334 2963 397 3025 Sed
418 2965 502 3024 Deus
523 2963 672 3023 connubii
692 2963 865 3038 institutor,
884 2968 998 3044 passus
1019 2963 1145 3026 nonest

213 3056 335 3134 integre
350 3056 494 3134 deperire
509 3074 548 3116 ex
568 3055 652 3116 vitiis
672 3057 833 3117 bominum
856 3075 934 3136 opus
956 3075 1063 3118 suum.
1080 3059 1144 3119 Jam

213 3154 281 3211 tnm
296 3155 327 3213 in
341 3157 440 3216 veteri
455 3159 655 3218 'testamento
670 3147 754 3217 viam
769 3157 901 3235 parabat
918 3157 1144 3218 restauratione

213 3247 458 3327 connubiorum,
484 3269 554 3331 quae
578 3269 635 3329 per
651 3252 816 3316 ⁴Christum
836 3256 904 3315 erat
926 3256 1142 3314 consecutura.

213 3344 280 3403 Hoc
302 3342 376 3404 teoit
396 3348 620 3424 praeservando
644 3348 702 3409 sibi
727 3349 896 3428 quemdam
916 3349 1072 3427 populum
1091 3364 1144 3428 per

212 3437 348 3516 gratiam
368 3456 475 3516 suam,
501 3443 554 3520 qui
578 3462 598 3503 a
620 3445 762 3523 generali
784 3463 908 3508 morum
932 3444 1068 3507 colluvie
1090 3461 1143 3523 per

214 3531 323 3592 orbem
336 3535 429 3595 terrae
444 3534 558 3596 diffusa
571 3537 755 3615 eriperetur.
