2442 4125
336 363 374 408 ne
396 365 526 410 omnoro
547 363 630 409 sums
652 362 807 410 annosior.
978 354 1037 414 205

144 509 235 571 Ratio
257 507 354 587 igitur
368 507 462 588 hujus
477 507 692 588 impedimenti
712 509 861 585 oriminis,
881 527 948 590 prae
964 508 1038 590 jure

97 604 190 685 quod
217 603 322 683 viget,
352 621 417 664 non
444 603 570 666 videtur
596 605 781 667 eollooanda
813 605 847 665 in
880 605 1037 684 principio

92 701 254 782 generali,
267 701 356 761 verbi
370 700 483 780 gratia,
495 704 531 762 nt
544 705 688 764 servetur
699 701 892 764 matrimonii
901 702 991 778 tides,
1001 704 1039 763 nt

92 798 243 878 privetur
256 797 340 858 bono
354 797 556 874 matrimonii,
573 798 627 878 qui
642 801 752 860 eontra
764 797 861 858 tidem
874 797 1038 858 matrimo-

94 889 145 952 inii
159 891 312 970 peccavit,
329 911 368 952 ne
383 891 530 954 eludatur
542 894 591 954 lex
611 894 651 954 de
669 893 873 974 monogamia
891 895 923 954 et
940 892 1036 953 indis·

93 985 291 1048 solubilitate
310 985 448 1066 conjugii
468 990 503 1048 ut
526 991 653 1049 tueatur
675 988 741 1049 vita
763 985 920 1068 conjugis,
945 990 1033 1048 ete:

94 1099 192 1142 seona
209 1081 260 1144 val
279 1081 410 1160 simplex
434 1083 639 1160 adulterium,
665 1086 715 1146 vel
738 1085 871 1162 simplex
893 1083 973 1144 fides
995 1083 1035 1144 de

92 1175 205 1236 futuro
220 1174 431 1252 matrimonio,
447 1176 498 1238 vel
512 1178 702 1238 attentatum
715 1177 755 1238 de
769 1177 917 1256 praesenti
925 1175 1036 1238 matri·

92 1264 1035 1351 moniumvelsimplexuaenioeonjugispareretnujuumudi

93 1362 370 1440 impedimentum.

139 1458 204 1520 Sed
217 1460 321 1538 potius
334 1460 413 1540 legis
433 1460 483 1522 vel
504 1461 720 1540 impedimenti
740 1463 835 1543 hujus
856 1463 936 1524 ratio
957 1463 1033 1541 poni·

93 1553 162 1613 tivo
174 1552 318 1633 specifico,
336 1571 405 1633 quae
420 1554 559 1634 assignat
577 1573 706 1616 oensem
724 1573 822 1635 quare
840 1554 901 1614 hoe
918 1553 971 1633 jus
989 1554 1033 1614 ita

92 1648 328 1726 coercitumsit,
336 1653 367 1710 et
376 1650 664 1730 praeterpraediotoa
673 1668 765 1712 casua
774 1667 837 1712 non
847 1647 1034 1710 extendatur

92 1745 139 1806 ad
156 1744 244 1821 alios,
260 1744 313 1824 qui
327 1746 398 1825 pari
406 1747 501 1808 modo
512 1747 651 1810 ottloiant
660 1747 819 1811 sanctitati
829 1746 1030 1822 matrimonii,

91 1837 172 1898 fidei
195 1836 362 1917 oonjugali,
388 1839 604 1902 incoluminati
622 1843 814 1923 conjugum,
834 1841 1032 1903 indissolubi-

91 1932 177 1994 litati
211 1936 242 1994 et
268 1936 476 2014 monogamia
504 1937 712 2014 matrimonii,
743 1941 894 2016 qnantum
921 1936 1009 2015 sapio
1022 1981 1031 2012 ,
1045 1989 1058 2007 ,.

93 2027 252 2109 assignari
262 2047 324 2092 nou
335 2035 447 2110 potest,
460 2031 514 2096 sed
525 2033 627 2094 solum
635 2033 718 2096 tradi
728 2032 879 2112 negativa·
887 2032 1034 2093 videlieet

93 2127 183 2207 quod
198 2126 313 2207 injure
328 2130 448 2206 odioso,
470 2130 599 2208 poenali,
621 2131 660 2191 ad
680 2128 869 2190 irritandum
888 2131 1033 2190 eontrac-

91 2226 175 2297 tum,
191 2220 309 2299 plaouit
321 2222 586 2303 lloolesiaemagis
601 2240 663 2284 uon
678 2222 856 2302 indulgere.

137 2318 217 2377 Nam
231 2336 332 2395 senus,
350 2336 447 2398 quara
466 2318 598 2379 dicimus
618 2318 725 2380 induei
741 2318 807 2381 <hoo
824 2318 1032 2396 impedimen-

92 2421 166 2475 tum
179 2432 238 2491 per
250 2414 440 2477 adulterium
458 2434 530 2477 oum
543 2416 618 2493 lide,
634 2416 684 2477 vel
698 2419 854 2479 attentatu
868 2416 1032 2479 matrimo-

94 2510 153 2586 nii,
170 2513 244 2587 eto.,
257 2514 289 2572 et
299 2529 361 2572 uon
375 2511 481 2572 induoi
495 2531 553 2592 per
562 2513 775 2594 oonjuoidium
784 2515 826 2576 ab
836 2519 1031 2576 unatantum

94 2609 186 2684 parte
201 2610 360 2685 patratum
374 2607 441 2669 sine
456 2610 687 2687 conspiratione
710 2611 851 2687 alterius,
875 2611 933 2671 aed
956 2610 1032 2670 data

93 2702 160 2761 fide
174 2702 213 2763 da
228 2703 333 2765 futuro
347 2704 571 2767 matrimonio?

138 2800 203 2859 Hoo
217 2800 313 2861 uuiee-
323 2799 466 2878 tortasse,
483 2800 568 2882 qnod
581 2802 633 2864 lex
646 2801 725 2864 nolit
737 2801 804 2880 pati
817 2817 885 2860 esse
904 2816 1031 2861 consor·

94 2898 143 2955 tes
172 2901 203 2957 et
225 2896 326 2958 sooios
346 2897 378 2957 in
402 2899 613 2974 matrimonio,
639 2900 694 2979 qui
715 2898 791 2959 sooii
806 2900 847 2975 {et
871 2899 1031 2957 oonsortes

93 2990 213 3052 fuerint
225 2989 258 3049 in
272 2990 442 3069 prodendis
453 2990 577 3071 juribus
597 2992 730 3071 legitimi
747 2988 945 3051 matrimonii
958 3006 1030 3049 oum

93 3086 201 3147 animo
216 3086 354 3173 habendi
367 3088 497 3168 legitimi
512 3089 658 3149 connubii
674 3089 792 3150 bonnm
805 3088 888 3147 inter
908 3104 952 3162 se,
974 3104 1030 3147 seu

94 3200 174 3261 quos
194 3185 282 3245 tenet
299 3185 490 3246 oonsoientia
509 3185 648 3245 oriminis
669 3184 799 3245 admissi
816 3184 848 3245 in
868 3182 1031 3244 matrimo-

94 3276 182 3337 nium
197 3278 238 3336 ad
252 3279 348 3339 tinem
362 3280 570 3342 contrahendi
584 3278 831 3356 matrimonium,
848 3298 926 3360 quos
945 3279 1030 3339 mala

93 3376 297 3441 oonsoiantia
314 3377 453 3439 oriminis
478 3381 587 3439 mutuo
616 3376 772 3439 oommissi
803 3377 835 3437 in
859 3376 1030 3457 prodendis

89 3472 216 3552 juribus
230 3472 448 3553 conjugalibus
462 3474 502 3535 ad
521 3474 618 3534 finem
639 3474 846 3536 oontrahandi
868 3473 1030 3537 matrimo⁴

93 3570 182 3632 nium
196 3571 343 3651 indignos
357 3574 432 3636 facit
446 3580 478 3635 at
487 3574 722 3654 quodammodo
732 3574 898 3651 inoapaoas
908 3574 1027 3645 saneta,

201 3682 266 3720 ron.
287 3684 317 3721 ιι.
890 3668 924 3718 ¹2
