2442 4125
193 320 231 377 22
405 324 633 373 rnsrlrnuonns
653 324 736 369 runrs
758 323 913 369 ornon1o1.

195 476 335 557 proximo
358 470 604 550 suscipiendum,
629 489 723 549 quem
743 469 860 530 ideireo
880 486 946 529 nnn
966 485 1040 527 oum
1061 465 1140 527 aliis

195 569 321 649 publioe
335 567 497 646 petebant.

237 668 272 725 ln
286 663 372 724 hisee
386 661 486 723 tribus
501 663 556 722 eut
577 664 720 739 quatuor
730 660 881 738 gradihus
901 657 1017 719 sensim
1037 657 1142 719 dooe-

198 763 314 822 bentur
328 756 510 835 evangeliea
524 759 683 833 praeoepte
698 758 729 816 et
743 756 817 816 fidei
832 757 946 815 nostrae
965 754 1138 831 mysterio,

199 854 317 916 crebris
328 852 457 932 jejuniis
472 855 503 912 et
516 850 632 929 vigiliis
647 854 679 911 et
688 851 834 928 precihus
844 850 1088 924 exercebantur,
1109 851 1143 909 et

199 966 353 1011 munuum
366 944 616 1025 impositionibus
637 945 769 1025 aliisque
790 944 1073 1006 soorementetibus
1097 944 1141 1003 ad

200 1040 357 1122 baptismo
371 1038 629 1118 disponebantirr.
646 1040 831 1117 Symbolum
845 1044 951 1101 antem
971 1042 1004 1100 et
1020 1038 1143 1099 altiore

201 1133 351 1214 mysteria
378 1133 415 1193 iis
442 1150 505 1193 non
534 1133 756 1211 pendebantur
778 1134 837 1193 nisi
860 1134 1142 1212 appropinquante

201 1228 401 1309 baptismatis
416 1228 477 1305 die,
498 1233 533 1289 ut
547 1234 726 1290 servaretur
745 1228 859 1289 Arcani
874 1228 1042 1307 disciplina,
1067 1246 1142 1308 quae

202 1328 319 1401 tomen,
337 1324 473 1385 extinota
485 1342 610 1403 pagena
623 1324 854 1404 superstitione,
872 1324 1024 1404 paulatim
1047 1342 1143 1385 exso·
1161 1334 1169 1347 ‘
1208 1339 1209 1342 ’

204 1419 289 1481 levit.

246 1512 345 1576 Hodie
364 1512 438 1575 lieet
458 1512 754 1591 desieritsolemnis
775 1516 948 1577 outenhesis
963 1518 998 1577 et
1018 1515 1142 1597 antiqui

206 1610 325 1691 gradus
339 1609 628 1686 catechumenatus,
641 1610 747 1690 aliquo
763 1611 895 1692 vestigia
911 1611 1015 1673 adhue
1028 1630 1144 1689 super-

208 1710 281 1767 sunt
293 1703 389 1783 hujus
403 1704 590 1783 disciplinae;
612 1706 707 1767 hodie
722 1708 805 1768 enim
820 1707 914 1770 etiem
927 1706 1037 1784 adulti,
1055 1709 1141 1769 ente

208 1817 304 1882 quem
328 1798 368 1859 od
392 1798 584 1877 baptismum
607 1788 830 1881 admittuntur,
855 1803 973 1865 infide
997 1803 1142 1865 ethonis

209 1894 357 1977 operibus
375 1894 558 1971 instituendi
579 1900 709 1959 suntne
727 1900 834 1977 rudes,
854 1898 967 1980 ignari,
986 1901 1019 1961 et
1038 1898 1142 1960 minus
1208 1891 1209 1968 ]

209 1997 294 2057 reete
309 1988 433 2076 probuti
447 1994 676 2057 senotissimam
689 1996 873 2077 religionem
892 1996 1138 2078 amplectentum

210 2089 311 2153 solent
324 2090 419 2152 etism
433 2089 526 2152 hodie
541 2091 646 2154 voeari
661 2091 889 2154 catechumeni.

589 2211 766 2267 neptunius.

253 2294 290 2356 V.
316 2293 599 2354 Gateohumenstus
623 2294 676 2373 qui
700 2313 757 2375 pro
780 2295 896 2357 adultis
909 2294 1069 2358 institutus
1082 2299 1139 2374 est,
1208 2294 1209 2325 ³

213 2404 276 2448 non
291 2391 435 2448 servatur
449 2404 505 2465 pro
520 2387 691 2451 infantibus
707 2409 805 2471 quum
820 2392 860 2453 ab
874 2391 912 2453 iis
926 2391 1142 2472 dispositiones

215 2483 256 2544 ad
269 2483 462 2562 baptismum
479 2492 640 2564 nequeunt
657 2488 833 2567 expectem
854 2487 923 2549 aliis
940 2505 1016 2550 vero
1033 2487 1074 2556 ,de
1092 2505 1143 2548 oa-

214 2579 331 2660 pitibus
355 2579 461 2658 plures
484 2581 673 2659 quaestiones
700 2583 906 2648 instituuntur
927 2584 967 2645 de
989 2584 1141 2663 baptismo

214 2677 391 2739 infantium.
679 2699 682 2704 ·

257 2777 288 2836 1⁰
303 2773 485 2836 Dubitstum
499 2776 547 2836 est
561 2793 601 2836 en
616 2777 718 2837 valide
736 2777 889 2857 baptizari
906 2778 1035 2858 possent
1047 2773 1144 2838 infun·

217 2873 265 2933 tes
286 2871 319 2932 in
339 2871 441 2934 lueem
463 2872 604 2933 nondum
626 2873 721 2936 editit
743 2907 784 2920 —-
802 2876 879 2936 'l’res
899 2891 991 2934 oasus
1012 2865 1144 2951 contingi

218 2972 359 3046 possunt,
371 2987 410 3028 ex
419 2969 570 3031 Benediet
579 2970 648 3033 XIV
658 2968 822 3051 deSynodo
832 2988 880 3030 oa.
892 2973 922 3031 5.
936 2971 967 3030 {⁰
978 2969 1035 3032 Vei
1047 2966 1144 3028 inians

220 3064 343 3143 penitus
373 3065 511 3126 inolusus
541 3069 589 3130 est
615 3067 648 3127 in
675 3071 765 3128 utero
789 3071 943 3129 materno.
969 3069 1002 3126 2⁰
1026 3063 1081 3128 Vel
1101 3063 1144 3123 in·

221 3161 290 3220 fons
310 3160 343 3219 in
363 3160 418 3221 teli
439 3163 521 3222 statu
544 3166 600 3242 est,
626 3170 662 3225 ut
684 3164 757 3225 lieet
777 3163 918 3225 nondum
937 3162 971 3223 in
990 3162 1090 3223 luoem
1108 3158 1145 3220 sit

163 3274 165 3278 ’
222 3255 336 3333 editus,
348 3257 453 3317 tomen
467 3258 565 3338 tongi,
577 3259 717 3337 tracturi,
730 3263 761 3322 et
772 3259 913 3321 adhibito
928 3253 1144 3337 aliquomodio

221 3356 302 3434 tingi
320 3355 428 3434 possit.
450 3357 481 3415 3⁰
503 3357 560 3419 Vel
578 3375 642 3418 non
660 3361 708 3421 est
726 3356 861 3436 emplius
876 3354 1016 3418 totaliter
1029 3350 1146 3412 abditus

222 3455 256 3513 in
277 3455 367 3512 utero
388 3453 542 3530 materno,
566 3453 622 3514 sed
643 3453 781 3534 utiquam
799 3451 847 3514 sui
866 3451 989 3532 partem
1009 3465 1047 3509 ex
1064 3447 1145 3508 utero

225 3549 337 3613 emisit.
