2442 4125
345 329 384 375 nn
403 327 533 375 osrecro
552 328 636 373 runos
659 326 814 375 cononici.
987 316 1045 375 itt

96 473 256 549 recisam,
273 475 305 534 et
317 471 357 532 iis
374 470 538 551 principiis
557 469 671 551 quibus
690 488 754 531 non
774 476 922 551 poterant
941 473 1047 535 Chris-

96 575 179 632 tum
193 570 233 629 de
248 586 331 629 nova
344 566 490 629 doctrina
502 567 699 629 calumniari.
713 567 777 629 Sed
791 568 920 646 patebat
933 570 1046 631 subsu-

99 660 219 723 mendi
243 661 314 721 via:
333 657 412 733 Quid
427 678 496 738 erpo
514 660 630 739 Moyses
652 658 804 721 mondavit
827 660 900 723 dore
919 661 1047 724 libellum

99 757 229 839 repudii
235 764 264 817 et
273 756 443 816 dimittere?
456 756 621 834 Videlicet,
634 758 661 817 si
675 757 744 819 haec
760 761 843 821 esset
856 760 1046 821 matrimonii

101 859 236 930 natura,
253 852 430 915 deflexisset
451 852 577 930 Moyses
595 871 615 914 a
634 859 749 916 natura
770 854 949 933 dogmatica
972 873 1048 917 con-

98 952 206 1034 jugii,
222 949 350 1030 qnando
368 949 532 1010 mandavit
550 950 626 1011 dare
646 950 789 1011 libellum
807 952 931 1029 repudii
950 956 981 1015 et
999 952 1048 1012 di-

103 1050 247 1109 mittere.
261 1044 424 1118 Quomodo
436 1063 511 1125 ergo
523 1044 668 1107 doctrina
682 1047 750 1108 haec
765 1047 916 1129 cumlege
930 1047 1047 1128 Moysis

105 1141 319 1207 conciliatur?

152 1241 246 1303 Viam
267 1233 494 1301 conciliationis
513 1238 635 1298 invenit
654 1238 795 1301 Christus
809 1238 1000 1316 facillimam,
1016 1246 1049 1299 et

107 1338 209 1399 telem
230 1352 326 1415 quam
346 1338 422 1412 puto
444 1335 586 1395 Haebreis
608 1332 781 1397 admodum
803 1353 865 1397 non
884 1336 1045 1399 arrisisse:

108 1434 164 1495 Ad
176 1432 320 1493 duritiam
334 1430 431 1491 cordis
445 1431 544 1510 uestri,
561 1431 700 1512 peronisit
721 1430 798 1493 uobis
812 1432 926 1513 Moyses
946 1431 1049 1493 dimit-

110 1540 174 1591 tere
188 1547 292 1590 ueores
306 1541 416 1588 cestros
422 1546 437 1605 ,·
451 1527 489 1587 oh
503 1528 586 1588 initio
606 1536 701 1590 eutem
715 1547 772 1589 non
785 1528 845 1608 [ait
858 1529 909 1588 sie.
926 1528 963 1590 Id
977 1530 1045 1590 est:

109 1628 238 1704 Moyses
253 1641 315 1685 non
338 1623 465 1684 deflerit
477 1641 497 1684 a
511 1623 671 1703 primitiva
692 1622 830 1703 conjugii
851 1626 975 1699 natura,
991 1623 1048 1683 sed

109 1736 170 1781 vos
188 1718 229 1778 ab
244 1734 282 1777 ea
295 1715 476 1779 deflexistis.
494 1718 574 1778 Nam
596 1718 674 1779 dum
696 1717 764 1799 ipse
788 1717 879 1781 vobis
903 1718 1050 1797 explanat

111 1810 331 1892 dogmaticum
344 1809 536 1873 matrimonii
550 1818 739 1891 conceptum
753 1812 785 1873 in
801 1812 925 1889 Genesi,
937 1814 969 1874 et
983 1830 1051 1872 mo·

111 1907 215 1969 ratem
228 1906 311 1966 illius
325 1908 451 1983 statum,
463 1906 574 1967 debuit
586 1907 620 1967 in
635 1908 889 1987 Deuteronomio,
903 1908 1051 1988 prudenti

113 2002 290 2083 disciplina,
311 2003 356 2066 ita
376 2001 502 2065 curiosi
521 2002 627 2064 cordis
649 2004 742 2066 vestri
764 2008 795 2066 et
809 2005 963 2086 corruptis
978 2021 1051 2066 ves·

112 2101 171 2163 tris
193 2099 333 2162 moribus
354 2099 517 2180 applicari,
533 2103 568 2162 ut
586 2098 697 2179 pejora
719 2101 804 2162 mala
827 2118 891 2162 non
916 2118 1052 2180 exurge-

114 2203 198 2259 rent.

156 2296 221 2355 Lex
241 2295 398 2354 Geneseos
422 2297 470 2355 est
490 2293 541 2353 lex
565 2292 756 2374 dogmatica,
773 2294 912 2374 perfecto
930 2293 963 2356 in
983 2295 1052 2356 abs-

62 2409 69 2420 ·
114 2392 233 2465 tracto,
255 2387 386 2467 respicit
413 2389 556 2452 homines
583 2390 688 2469 prouti
717 2408 785 2452 esse
814 2390 981 2468 deberent,
1005 2395 1053 2454 est

114 2487 303 2568 prototypus
317 2485 395 2566 legis
409 2486 616 2561 matrimonii;
632 2487 683 2548 lex
697 2488 930 2552 Deuteronomii
946 2490 1051 2552 estlex

117 2582 327 2661 disciplinaris
344 2603 352 2644 ε
368 2582 497 2662 respicit
510 2585 654 2646 homines
668 2588 773 2663 pronti
787 2589 877 2649 erant
897 2587 935 2648 de
955 2589 1050 2662 facto,

118 2697 180 2742 non
203 2680 236 2740 in
261 2680 407 2741 absoluta
427 2681 578 2758 veritate,
594 2683 651 2742 sad
674 2683 706 2744 in
729 2683 908 2762 prudentia,
924 2701 981 2744 seu
1005 2686 1052 2744 est

118 2772 257 2853 prudens
278 2773 447 2853 applicatio
471 2773 550 2853 legis
573 2774 761 2854 dogmatice
794 2774 974 2853 depravatis
997 2794 1051 2854 po·

120 2868 184 2948 puli
205 2867 359 2944 moribus,
376 2870 407 2930 et
421 2866 688 2947 inclinationibus,
705 2887 775 2949 qoae
794 2868 953 2930 sibonum
973 2869 1052 2931 obti-

120 2981 194 3024 nere
208 2979 271 3022 non
285 2968 390 3042 potest
404 2963 485 3027 etad
497 2964 672 3042 perfectum
686 2984 749 3028 non
763 2967 866 3044 potest
880 2962 1050 3043 adducere,

121 3065 208 3120 curat
222 3061 332 3121 saltem
347 3059 410 3140 maj
414 3077 470 3120 ora
482 3061 567 3122 mala
580 3061 692 3125 vitare.

159 3157 242 3234 Ergo
264 3154 314 3215 lex
338 3155 401 3235 legi
424 3174 488 3217 non
513 3158 693 3238 opponitur,
710 3173 768 3217 nec
789 3174 847 3238 ego
866 3156 978 3236 Moysi,
995 3177 1053 3220 nec
1080 3165 1085 3174 ’

121 3250 242 3329 Moyses
263 3247 334 3326 sibi,
351 3250 407 3310 sed
427 3267 532 3311 mores
547 3254 578 3312 et
591 3250 809 3314 inclinationes
831 3255 943 3315 vestrae
964 3257 1054 3316 erant

121 3344 286 3426 primitive
301 3351 332 3409 et
353 3346 532 3428 originariae
554 3347 718 3409 hominum
740 3349 912 3412 conditioni
930 3357 1053 3412 contra-

122 3443 185 3519 riae,
202 3445 234 3504 et
246 3442 327 3505 tales
342 3444 437 3505 eratis
451 3444 560 3524 quales
575 3461 644 3504 esse
659 3462 722 3506 non
732 3445 906 3522 debebatis,
921 3445 1052 3525 proinde

122 3541 256 3620 impares
271 3540 445 3603 sustinendi
459 3541 694 3605 matrimonium
709 3545 803 3622 prout
817 3561 885 3605 esse
901 3541 1049 3604 debebat.
