2442 4125
209 345 269 405 234
419 355 649 402 msrrrumonns
670 356 753 401 rums
774 356 927 402 cruorum.

209 504 321 564 tesiam
336 521 355 563 a
368 502 431 563 lide
449 502 578 564 alterius
596 501 752 582 conjugis,
773 501 800 562 si
818 503 962 580 pertinax
980 521 1063 581 pars
1081 505 1146 565 lraec

209 601 259 676 sit,
287 600 439 660 innocens
462 599 576 678 conjux
599 597 771 659 divortium
792 598 908 674 lacere,
934 617 976 658 ex
999 602 1145 678 apostolo
1215 630 1216 677 1

209 696 306 757 Paulo
317 695 358 756 ad
367 696 471 757 'litum
480 698 509 770 3,
528 698 611 755 etex
627 713 654 755 c.
671 694 805 774 quatiat
822 698 853 765 2,
870 695 901 754 l1.
913 698 937 756 t.
951 713 992 756 ac
1001 697 1147 774 pluribus
1215 696 1216 705 ³

209 791 278 852 aliis
288 791 413 872 juribus
427 792 531 868 patet;
548 789 575 848 si
589 789 721 849 enimin
735 789 854 849 carnali
868 788 1043 867 adulterio,
1060 791 1148 852 favor
1215 840 1216 893 ᾗ

209 887 260 947 hic
286 887 491 965 separationis
519 885 672 945 faciendae
700 903 868 946 concessus
894 888 942 946 est
970 885 1145 959 innocenti,

209 984 318 1063 negari
346 1001 408 1043 non
432 982 526 1042 dehet
547 985 678 1060 propter
699 981 889 1043 adulterium
909 982 1096 1059 spirituale3
1119 989 1146 1044 et

208 1079 352 1160 quemvis
366 1083 495 1157 propter
515 1078 577 1138 alia
598 1077 743 1157 conjugis
765 1077 907 1139 nocentis
928 1078 1071 1140 crimina
1088 1096 1146 1140 non
1215 1086 1216 1135 l

208 1172 305 1251 possit
319 1173 489 1234 divortium
503 1172 664 1233 celebrare
679 1173 831 1234 innocens
845 1173 980 1252 conjux,
997 1175 1049 1236 uti
1063 1176 1147 1236 colli-

207 1269 292 1348 gitur
305 1287 344 1328 ex
363 1270 415 1331 cit.
439 1287 467 1330 e.
493 1268 647 1349 quaesivit.
672 1271 847 1347 Utrumque
867 1273 976 1330 tamen
998 1271 1066 1332 hoc
1085 1275 1146 1333 tam
1215 1278 1216 1321 ἱ

208 1363 345 1440 carnale,
362 1381 458 1442 quam
479 1363 641 1442 spirituale
662 1363 852 1426 adulterium
875 1364 1049 1442 excipitur,
1073 1367 1145 1426 illud
1215 1408 1216 1431 2

207 1658 306 1734 lapso,
333 1656 461 1734 proprie
484 1653 671 1716 auctoritate
693 1653 835 1729 divertit,
858 1653 1006 1732 compelli
1029 1659 1144 1732 potest,

208 1756 242 1812 ut
256 1751 296 1810 ad
318 1768 399 1825 eam,
423 1749 449 1809 ai
469 1749 565 1808 iidem
585 1749 701 1811 iterum
722 1749 941 1828 amplectetur,
965 1749 1101 1824 redcat;
1122 1751 1145 1810 si
1215 1808 1216 1813 ,

207 1862 282 1905 vero
297 1843 521 1923 perjudicium
536 1843 685 1905 Ecclesiae
701 1843 741 1904 ab
756 1861 793 1904 eo
808 1846 955 1920 separata
969 1841 1044 1920 luit,
1062 1863 1145 1906 com-

206 1939 281 2020 pelli
295 1957 357 2000 non
371 1941 486 2018 potest,
501 1938 590 2000 uted
611 1957 684 2000 eum
702 1956 889 2000 conversum
908 1939 1034 2015 redeat,
1055 1959 1086 2000 c.
1108 1941 1143 2000 de

207 2037 259 2099 illo
273 2040 303 2115 6,
320 2036 352 2098 h.
370 2037 393 2099 t’.
415 2034 517 2115 posito
539 2035 625 2115 quod
643 2034 828 2114 religionem
845 2035 1002 2114 ingressa,
1022 2039 1058 2098 et
1077 2053 1144 2115 pro·

206 2138 290 2197 iesse
304 2134 398 2195 luerit
412 2133 459 2213 (ut
473 2152 512 2194 ne
527 2132 647 2193 scilicet
667 2133 770 2193 textus
790 2130 885 2209 hujus
906 2149 934 2191 c.
958 2132 1000 2192 de
1020 2132 1090 2209 illa,
1115 2137 1143 2191 et

206 2230 367 2309 ¹sequentis
381 2228 510 2309 capituli
524 2224 822 2303 contradicentsibi)
833 2225 918 2305 quod
929 2225 1037 2287 facere
1047 2226 1141 2287 libere

206 2326 385 2476 pogistunus
406 2434 443 2475 ex
464 2414 644 2475 infidelibus
665 2412 854 2492 conjugibus
875 2419 1085 2477 convertatur
1102 2414 1140 2473 arl

206 2498 312 2586 fidem,
336 2508 566 2571 dissolvaturne
585 2509 746 2571 vinculum
765 2507 916 2589 conjugii,
937 2508 984 2571 ita
1004 2513 1055 2573 est
1073 2526 1141 2571 con·

206 2622 315 2668 versus
329 2605 414 2667 eliud
429 2606 662 2669 matrimonium
676 2604 756 2665 inire
769 2604 890 2684 possit?

104 1509 106 1514 .
208 1462 336 1544 quidem
358 1461 397 1524 ob
420 1461 517 1522 fidem
538 1461 623 1523 thori
647 1461 792 1538 fractam,
817 1461 878 1522 hoc
902 1461 943 1521 eb
965 1463 1145 1539 periculum
1215 1448 1216 1459 ¹

208 1559 428 1638 perversioris.
447 1557 576 1630 Quodsi
595 1561 700 1618 tamen
721 1574 801 1617 uxor
819 1574 838 1616 e
854 1557 923 1616 viro
942 1556 977 1615 in
997 1557 1145 1619 haeresim
1215 1614 1216 1617 ,

246 2702 465 2782 Respondctur
482 2721 540 2781 per
558 2699 739 2780 hoa-quod
759 2718 840 2759 unus
861 2699 1005 2760 fidel-ium
1025 2700 1060 2761 in
1080 2700 1140 2761 irre
1215 2779 1216 2784 ἵ

205 2798 310 2875 resim,
328 2797 376 2858 vel
391 2796 607 2857 infidelitatem
616 2795 752 2868 labatur,
765 2810 827 2853 non
839 2792 968 2853 dissolvi
978 2793 1139 2855 vinculum

205 2890 446 2965 matrimoniale,
477 2892 511 2949 ut
536 2906 574 2948 ex
597 2888 688 2948 dictis
708 2886 776 2966 jam
799 2888 896 2964 patet,
922 2890 1012 2963 petet
1033 2892 1138 2948 tamen

205 2987 299 3049 etiam
314 3007 350 3048 ex
366 3005 393 3047 c.
411 2994 523 3065 quanto
537 2988 567 3061 7,
594 2984 625 3045 h.
642 2988 666 3044 t.
683 2982 808 3061 quodsi
828 3000 865 3042 ex
884 2982 1079 3062 conjugibus
1095 2984 1138 3043 iu·
1215 3041 1216 3046 ,

205 3080 360 3157 fidelibus,
377 3078 511 3140 altered
526 3076 745 3140 veramfidem
764 3079 978 3150 convertetur,
1000 3081 1032 3139 et
1053 3080 1138 3137 trau-
1177 3121 1181 3127 .

204 3181 282 3247 seat,
299 3176 397 3236 altera
410 3174 442 3234 in
458 3192 515 3235 sue
528 3171 712 3233 infidelitate
727 3176 943 3248 permanente,
960 3175 994 3234 et
1007 3171 1061 3233 vel
1076 3188 1137 3233 om·

205 3270 278 3330 nino
302 3289 376 3347 non,
401 3271 451 3331 vel
479 3288 541 3330 non
570 3268 636 3328 sine
660 3267 858 3345 blasphemia
880 3267 979 3328 divini
1003 3268 1137 3327 nominis

204 3359 385 3419 cohabitare
404 3361 539 3436 volente,
561 3360 610 3419 vel
639 3363 674 3421 nt
696 3360 860 3438 pertrahat
882 3377 1075 3420 conversum
1095 3358 1134 3419 ad

204 3458 369 3529 peccatum
383 3456 527 3529 mortale,
544 3473 581 3514 ac
591 3459 762 3532 pervertet,
774 3454 1084 3532 poteritconversus,
1095 3453 1132 3514 ad
1215 3465 1216 3470 ’

204 3542 343 3603 secunda
356 3546 430 3602 vota
448 3544 593 3621 caestre,
616 3546 727 3608 relicta
747 3546 911 3624 pertinaci,
933 3550 966 3609 et
984 3564 1134 3625 perversa
1215 3557 1216 3574 ¹
