2442 4125
216 341 275 400 200
423 349 653 398 rusurrorrouns
673 349 757 395 susas
778 349 933 394 canorum.

257 497 454 574 Quapropter
467 493 635 555 concilium
644 493 864 554 Tridentinum
877 492 1009 554 retinuit
1020 495 1157 574 impedi·

217 595 358 654 mentum
372 591 506 670 publicae
522 590 695 652 honestatis
710 608 749 650 ex
758 590 957 652 matrimonio
968 597 1043 652 rato
1055 609 1156 670 usquc

218 691 258 751 ad
273 696 409 769 quartum
431 686 559 766 pradum
581 685 745 759 inclusiue;
764 687 869 766 quoad
890 686 1070 764 sponsalia,
1095 704 1158 746 res-

217 779 326 840 trinxit
339 777 379 840 ad
398 777 529 858 primum
549 775 688 854 pradum.
713 778 822 848 Quoad
844 779 1093 861 matrimonium
1112 798 1158 838 ra·

218 881 285 939 tum
299 875 438 950 retinuit,
459 876 514 935 aut
529 892 591 934 nou
606 874 786 936 immutavit
796 874 849 953 jus
863 879 966 950 vetus,
989 876 1086 955 quod
1099 877 1157 938 tale

218 971 477 1050 impedimentum
491 970 697 1050 provexisset,
719 969 891 1030 dummodo
914 973 1157 1033 matrimonium

218 1087 281 1129 non
294 1068 335 1128 sit
348 1067 521 1128 invalidum
536 1087 574 1128 ex
587 1067 714 1128 defectu
728 1085 910 1128 consensus.
929 1070 1048 1140 Quoad
1064 1089 1158 1149 spon-

217 1164 295 1224 salia
322 1163 421 1225 voluit
441 1167 476 1225 ut
489 1165 515 1224 si
537 1181 737 1243 quacumque
758 1164 798 1225 de
821 1183 917 1226 causa
940 1171 1054 1228 essent
1074 1169 1156 1227 inva-

216 1263 291 1336 lida,
310 1263 369 1323 hoc
383 1262 644 1341 impedimentum
658 1281 721 1324 uon
736 1265 958 1342 producerent.
983 1268 1022 1328 S.
1046 1269 1156 1341 XXIV,

218 1378 245 1420 c.
263 1375 310 1436 111,
328 1359 367 1420 de
382 1359 450 1420 Res.
830 1375 835 1383 ⁴

531 1518 557 1560 B.
572 1517 603 1561 lle
616 1517 749 1573 lliaparitate
761 1517 833 1561 cultus

259 1633 383 1694 XXXV.
400 1629 517 1704 Cultus,
534 1645 589 1687 seu
604 1627 764 1706 religionis
783 1626 951 1707 disparitas
972 1635 1086 1709 potest
1102 1632 1155 1692 sub

219 1725 337 1801 duplici
360 1727 505 1800 respectu
527 1722 720 1783 considerari
742 1723 775 1782 in
798 1723 908 1784 ordine
927 1725 971 1785 ad
992 1730 1157 1791 matrimo

219 1821 325 1881 nium:
343 1817 487 1878 videlicet
502 1820 532 1878 1⁰
548 1815 580 1876 in
595 1819 706 1879 ordine
721 1819 762 1879 ad
774 1821 1018 1886 matrimonium
1034 1830 1155 1887 contra·

220 1915 370 1991 hendum,
381 1913 450 1976 2⁰in
462 1914 571 1976 ordine
582 1913 623 1976 ad
630 1915 864 1977 matrimonium
870 1921 1088 1983 contractum.
1096 1920 1155 1984 Sub

219 2010 321 2095 prima
335 2008 586 2088 investigatione,
604 2010 703 2090 quaeri
717 2013 820 2089 potest
833 2030 873 2072 au
887 2011 908 2073 ii
924 2013 979 2093 qui
1001 2016 1154 2097 religione

219 2112 292 2172 sunt
306 2107 458 2188 disperse,
475 2106 630 2167 inhabiles
645 2107 740 2168 etiam
759 2109 821 2169 sint
839 2109 881 2170 ad
900 2112 1155 2173 contrahendum

219 2204 302 2264 iuter
315 2221 348 2263 se
361 2223 368 2275 ;
384 2203 416 2263 iu
432 2202 494 2263 alia
507 2200 708 2280 inquisitione
723 2201 860 2263 dubitari
875 2207 981 2282 potest
994 2223 1040 2265 an
1053 2209 1154 2268 muta·

219 2296 262 2356 tio
277 2294 436 2373 religionis
450 2297 521 2372 post
535 2296 732 2354 contractum
754 2296 992 2357 matrimonium
1012 2298 1056 2360 sit
1078 2299 1153 2361 ratio

220 2388 377 2449 sufficiens
393 2389 433 2448 ad
446 2390 523 2450 illud
538 2391 698 2451 vinculum
711 2392 908 2453 solvendum.

259 2486 398 2563 Utraque
425 2487 644 2567 investigatio,
674 2506 730 2548 seu
753 2488 906 2551 dubitatio
931 2509 970 2551 ex
990 2510 1031 2553 eo
1055 2494 1155 2555 oritur

221 2579 304 2662 quod
347 2581 510 2643 diversitas
552 2583 713 2664 religionis
755 2584 881 2647 videtur
900 2582 903 2585 ’
923 2589 1073 2665 opposita
1116 2588 1154 2648 illi

220 2680 328 2743 unioni
355 2679 532 2741 animorum
561 2699 631 2759 quae
655 2679 688 2740 in
715 2680 862 2761 conjugio
890 2682 1111 2764 desideratur,
1129 2686 1156 2745 et

220 2777 395 2859 periculum
410 2776 620 2854 perversionis
635 2777 836 2840 constituere.
853 2780 916 2840 Sed
930 2778 1032 2839 altera
1050 2779 1156 2841 inves-

220 2874 329 2953 tigatio
350 2871 488 2951 pertinet
510 2871 644 2931 adeam
671 2872 866 2933 tractationis
890 2878 1013 2952 partem
1033 2875 1066 2934 in
1097 2893 1156 2957 qua

221 2972 389 3051 quaerimus
404 2969 444 3030 de
459 2967 624 3048 disciplina
637 2969 784 3031 lleclasiae
806 2969 838 3031 iu
863 2970 972 3031 ordine
988 2971 1030 3032 ad
1050 2972 1153 3034 matri·

220 3068 347 3128 monium
362 3072 552 3126 contractam.
570 3066 679 3126 Restat
693 3083 768 3145 ergo
783 3066 835 3127 hic
849 3068 901 3147 agi
916 3067 954 3127 de
969 3067 1153 3132 diversitate

221 3163 390 3241 religionis,
407 3165 557 3241 tanquam
577 3162 773 3221 obstaculum
794 3167 825 3224 et
838 3163 1104 3243 impedimentum
1119 3164 1153 3226 sit

221 3258 261 3319 ad
276 3260 510 3334 matrimonium
525 3257 785 3320 contrahendum.
804 3260 923 3321 Relicta
937 3278 1011 3341 ergo
1033 3261 1090 3322 illa
1109 3266 1152 3324 in-

220 3353 426 3431 vestigatione
441 3355 480 3414 ad
496 3354 674 3433 sequiorem
687 3358 820 3432 partem,
839 3355 879 3428 de
893 3374 955 3436 qua
968 3358 1095 3418 consuli
1106 3359 1151 3419 de

219 3447 404 3509 betBened.
422 3451 502 3509 XIV.
528 3450 657 3511 constit.
680 3450 842 3529 Apostolici
860 3451 1018 3512 mr'm'eterii
1040 3457 1080 3515 lv
1105 3472 1149 3516 oe·

220 3543 286 3603 tob.
305 3545 393 3615 1747,
409 3540 449 3599 ad
464 3542 545 3602 hanc
559 3546 728 3624 pergimus·
