2442 4125
325 267 364 311 ns
385 266 514 313 omncro
534 266 618 313 sums
639 268 797 315 cssosrcr.
989 262 1030 323 83

87 413 151 474 tias
166 428 238 473 cnm
252 413 312 474 hac
327 410 505 473 conditione
520 411 676 489 concedit,
689 416 727 475 ut
739 416 967 493 poenitentibus
981 436 1030 479 sn·

87 509 202 571 lutaris
221 507 409 587 paenitentia
429 507 625 589 injungatur,
646 512 678 571 et
697 509 765 572 lraec
784 510 937 591 iniuncta,
960 518 1029 576 tum

88 606 222 684 propter
234 606 479 681 sacramentum,
490 610 558 667 tum
574 622 639 684 qua
649 605 838 686 plerumque
852 610 888 669 ut
899 610 1029 671 medici-

88 700 172 763 nalis
186 698 296 779 peragi
311 698 417 762 dabat.

74 854 82 861 .
131 798 288 880 Gestorum
303 795 388 876 quod
402 795 543 858 Ecclesia
561 799 668 876 posset
688 816 768 876 opus
788 798 884 860 etiam
904 798 1029 879 iniunc-

88 896 161 955 tum
174 891 373 968 imminuere,
389 898 596 971 commutare,
613 894 813 956 etiamsinon
831 912 852 955 a
869 893 942 975 jure
959 898 1028 957 ten·

90 997 162 1049 tum
174 987 350 1068 injunctum
364 987 414 1065 sit,
432 987 488 1049 sed
502 992 533 1051 et
547 1008 566 1050 a
580 989 755 1053 sacerdote.

132 1084 331 1147 Maldonatus
346 1083 384 1145 de
399 1083 521 1165 indulg.
540 1104 571 1165 q.
588 1088 619 1163 l,
635 1104 668 1165 p.
686 1090 736 1163 ll,
752 1085 898 1167 intelligit
912 1088 967 1149 aut
979 1086 1028 1148 in-

89 1182 194 1243 flictas
213 1182 246 1242 in
266 1184 463 1243 sacramento
484 1182 698 1261 poenitentias,
718 1185 774 1245 aut
793 1183 937 1245 decretas
954 1183 1028 1265 jura

90 1278 319 1352 ecclesiastico;
339 1278 487 1340 Bellarm.
508 1281 634 1341 tantum
646 1279 681 1339 in
694 1284 891 1343 sacramento
905 1280 1029 1361 injunc-

88 1380 156 1448 tas;
173 1376 206 1437 S.
222 1374 334 1437 Thom.
351 1376 382 1436 et
396 1374 450 1435 alii
464 1393 527 1436 non
540 1378 665 1438 tentum
679 1394 699 1437 a
712 1375 815 1454 penis
827 1392 891 1439 non
905 1376 1025 1457 injunc-

89 1473 142 1550 tis,
167 1471 343 1533 sedetiam
369 1471 410 1533 ab
434 1471 494 1533 illis
518 1490 588 1551 quae
614 1472 743 1535 fuerunt
766 1489 787 1533 a
807 1473 972 1535 samrdote
993 1473 1027 1534 in

89 1569 290 1629 sacramento
312 1566 472 1647 injunctae.
494 1567 573 1632 Vide
595 1568 815 1646 Liebermann,
837 1587 869 1647 p.
892 1571 963 1630 253.
987 1568 1027 1630 de

88 1663 212 1743 indulg.
224 1664 257 1723 in
267 1663 381 1743 object.
394 1667 505 1726 contra
517 1664 766 1744 propositionem
780 1682 821 1726 an
833 1664 1027 1743 poenitentiae
1042 1694 1056 1713 ·

88 1758 227 1821 liberent
248 1776 268 1819 a
289 1776 386 1837 poena
408 1776 515 1820 ocrem
539 1762 616 1821 Deo.
638 1759 791 1839 Relinque
813 1758 970 1839 theologis
992 1763 1028 1821 ut

90 1854 245 1916 definiant
258 1873 422 1935 quousque
442 1856 510 1917 haec
529 1859 668 1935 potestas
689 1854 958 1935 indulgentiarum
971 1874 1027 1917 ex-

89 1952 179 2014 tendi
192 1951 290 2030 possit
304 1952 408 2031 quoad
418 1951 665 2015 satisfactionem
673 1952 862 2014 sacrementi
871 1952 1026 2031 poenitsn·

88 2050 153 2126 tiae,
170 2047 259 2111 salva
277 2048 374 2130 ipsius
393 2048 581 2112 sacramenti
597 2051 722 2124 natura,
739 2050 772 2110 et
789 2046 852 2110 alia
872 2065 943 2128 ques
964 2048 1027 2109 huc

89 2145 259 2226 pertinent.

130 2241 357 2304 Animadverte
370 2241 457 2321 quod
471 2241 576 2322 aliquo
587 2240 683 2303 niodo
693 2238 864 2302 sauciastio
878 2237 939 2302 dici
954 2255 1027 2318 pos-

89 2338 130 2400 sit
144 2341 176 2400 si
191 2337 292 2415 dolor,
309 2342 340 2401 et
354 2338 520 2415 confessio,
537 2345 569 2400 et
586 2338 784 2418 propositum
799 2335 1024 2412 satisfaciendi,

89 2431 122 2488 et
135 2428 333 2509 indulgentia
346 2429 378 2490 in
393 2429 453 2491 hoc
463 2447 538 2490 casu
552 2431 752 2515 nonrelaxat
765 2430 922 2511 integram
936 2433 1026 2495 satis·

89 2524 271 2601 factionem,
296 2526 353 2587 sed
373 2528 507 2605 partem,
531 2531 562 2589 et
582 2526 659 2589 licet
677 2527 835 2608 integram
855 2530 1024 2606 relaxaret,

91 2638 162 2681 sam
176 2621 334 2682 relaxaret
347 2623 570 2684 commutando
582 2623 617 2684 in
630 2623 717 2684 aliud
731 2641 810 2703 opus
829 2625 1026 2686 meritorium

90 2705 177 2797 quod
199 2717 240 2778 ad
261 2718 516 2781 satisfaciendum
538 2723 645 2798 posset
664 2720 816 2797 ordinari,
839 2725 872 2783 ei
893 2720 1026 2800 proinde

89 2813 233 2876 Ecclesia
252 2815 349 2876 veluti
370 2819 579 2879 commutaret
598 2819 817 2897 poenitentiam
837 2818 1023 2898 iniunctum.

89 2914 130 2972 lt
143 2917 267 2972 certum
282 2913 426 2993 estquod
443 2929 532 2974 mens
545 2914 694 2976 Ecclesiae
709 2915 750 2976 sii
766 2930 829 2974 non
844 2912 1025 2973 condonare

89 3005 185 3067 hodie
200 3023 258 3084 per
275 3007 505 3087 indulgentiam
522 3010 752 3073 satisfactiones
769 3008 927 3089 iniunctae
942 3026 962 3070 a
975 3027 1028 3070 sa-

90 3104 219 3165 cerdote
234 3102 267 3162 in
281 3108 489 3167 sacramento.
751 3100 753 3103 ’

126 3207 160 3264 2⁰
175 3203 245 3262 Non
259 3202 413 3265 habemus
428 3203 572 3285 exempla
586 3205 856 3286 indulgentiarum
869 3206 1026 3287 plenaria·

88 3318 160 3362 rum
182 3299 216 3360 in
237 3299 368 3382 antiqua
389 3301 563 3381 disciplina.
586 3302 811 3384 Antiquissima
832 3305 958 3368 videtur
975 3305 1030 3367 illa

89 3415 187 3478 quam
200 3396 333 3478 largitus
348 3403 405 3476 est,
417 3399 449 3460 in
464 3401 558 3462 Cone.
572 3401 825 3480 claremontano,
838 3421 921 3465 anno
938 3405 1026 3477 loeo,

88 3513 158 3556 can.
186 3499 205 3558 Ξ
230 3493 326 3575 (apud
347 3496 469 3575 nabbe,
495 3500 580 3560 tomo
604 3501 631 3559 X
656 3499 845 3578 Concilion,
871 3499 930 3561 col.
956 3497 1029 3575 50¹1)
