<?xml version="1.0" encoding="UTF-8"?>
<!DOCTYPE html PUBLIC "-//W3C//DTD XHTML 1.0 Transitional//EN"
    "http://www.w3.org/TR/xhtml1/DTD/xhtml1-transitional.dtd">
<html xmlns="http://www.w3.org/1999/xhtml" xml:lang="en" lang="en">
 <head>
  <title>
</title>
<meta http-equiv="Content-Type" content="text/html;charset=utf-8" />
  <meta name='ocr-system' content='tesseract 3.04.00' />
  <meta name='ocr-capabilities' content='ocr_page ocr_carea ocr_par ocr_line ocrx_word'/>
</head>
<body>
  <div class='ocr_page' id='page_1' title='image "./institutionesju04marigoog_0340.png"; bbox 0 0 2442 4125; ppageno 0'>
   <div class='ocr_carea' id='block_1_1' title="bbox 190 298 909 356">
    <p class='ocr_par' dir='ltr' id='par_1_1' title="bbox 190 298 909 356">
     <span class='ocr_line' id='line_1_1' title="bbox 190 298 909 356; baseline -0.011 0"><span class='ocrx_word' id='word_1_1' title='bbox 190 298 249 356; x_wconf 82' lang='lat'>330</span> <span class='ocrx_word' id='word_1_2' title='bbox 396 304 626 352; x_wconf 83' lang='lat' dir='ltr'>rrsrrrnrronns</span> <span class='ocrx_word' id='word_1_3' title='bbox 647 305 731 350; x_wconf 86' lang='lat' dir='ltr'>rnnrs</span> <span class='ocrx_word' id='word_1_4' title='bbox 753 302 909 350; x_wconf 76' lang='lat' dir='ltr'>cnrormr.</span> 
     </span>
    </p>
   </div>
   <div class='ocr_carea' id='block_1_2' title="bbox 136 447 1176 3570">
    <p class='ocr_par' dir='ltr' id='par_1_2' title="bbox 187 447 1129 1094">
     <span class='ocr_line' id='line_1_2' title="bbox 189 447 1124 525; baseline -0.007 -10"><span class='ocrx_word' id='word_1_5' title='bbox 189 452 365 516; x_wconf 80' lang='lat' dir='ltr'>subsidium</span> <span class='ocrx_word' id='word_1_6' title='bbox 392 450 597 511; x_wconf 89' lang='lat' dir='ltr'>diaconorum</span> <span class='ocrx_word' id='word_1_7' title='bbox 626 448 898 509; x_wconf 74' lang='lat' dir='ltr'>constituebantur</span> <span class='ocrx_word' id='word_1_8' title='bbox 921 447 1124 525; x_wconf 89' lang='lat' dir='ltr'>subdiaconi,</span> 
     </span>
     <span class='ocr_line' id='line_1_3' title="bbox 189 543 1127 631; baseline -0.006 -20"><span class='ocrx_word' id='word_1_9' title='bbox 189 550 274 631; x_wconf 88' lang='lat' dir='ltr'>quod</span> <span class='ocrx_word' id='word_1_10' title='bbox 285 548 353 630; x_wconf 86' lang='lat' dir='ltr'>jam</span> <span class='ocrx_word' id='word_1_11' title='bbox 373 551 515 625; x_wconf 90' lang='lat' dir='ltr'>tempore</span> <span class='ocrx_word' id='word_1_12' title='bbox 539 544 680 623; x_wconf 83' lang='lat' dir='ltr'>Gregorii</span> <span class='ocrx_word' id='word_1_13' title='bbox 696 544 803 622; x_wconf 89' lang='lat' dir='ltr'>Magni</span> <span class='ocrx_word' id='word_1_14' title='bbox 825 543 1007 605; x_wconf 85' lang='lat' dir='ltr'>factumest</span> <span class='ocrx_word' id='word_1_15' title='bbox 1021 545 1054 604; x_wconf 91' lang='lat' dir='ltr'>in</span> <span class='ocrx_word' id='word_1_16' title='bbox 1070 547 1127 605; x_wconf 80' lang='lat' dir='ltr'>Dc</span> 
     </span>
     <span class='ocr_line' id='line_1_4' title="bbox 189 643 1128 722; baseline -0.009 -10"><span class='ocrx_word' id='word_1_17' title='bbox 189 651 285 712; x_wconf 90' lang='lat' dir='ltr'>elesia</span> <span class='ocrx_word' id='word_1_18' title='bbox 311 665 454 709; x_wconf 89' lang='lat' dir='ltr'>romana.</span> <span class='ocrx_word' id='word_1_19' title='bbox 480 648 520 708; x_wconf 90' lang='lat' dir='ltr'>Ut</span> <span class='ocrx_word' id='word_1_20' title='bbox 540 651 647 705; x_wconf 86' lang='lat' dir='ltr'>autem</span> <span class='ocrx_word' id='word_1_21' title='bbox 672 644 820 722; x_wconf 81' lang='lat' dir='ltr'>Episcopi</span> <span class='ocrx_word' id='word_1_22' title='bbox 842 643 1026 704; x_wconf 81' lang='lat' dir='ltr'>levarentur</span> <span class='ocrx_word' id='word_1_23' title='bbox 1041 661 1128 708; x_wconf 73' lang='lat' dir='ltr'>,cura</span> 
     </span>
     <span class='ocr_line' id='line_1_5' title="bbox 187 738 1127 821; baseline -0.006 -14"><span class='ocrx_word' id='word_1_24' title='bbox 187 745 372 807; x_wconf 84' lang='lat' dir='ltr'>immediata</span> <span class='ocrx_word' id='word_1_25' title='bbox 386 741 580 821; x_wconf 88' lang='lat' dir='ltr'>advigilandi</span> <span class='ocrx_word' id='word_1_26' title='bbox 588 739 853 800; x_wconf 88' lang='lat' dir='ltr'>administrationi</span> <span class='ocrx_word' id='word_1_27' title='bbox 863 743 894 800; x_wconf 88' lang='lat' dir='ltr'>at</span> <span class='ocrx_word' id='word_1_28' title='bbox 907 738 1046 818; x_wconf 89' lang='lat' dir='ltr'>gestioni</span> <span class='ocrx_word' id='word_1_29' title='bbox 1060 740 1127 801; x_wconf 91' lang='lat' dir='ltr'>dia-</span> 
     </span>
     <span class='ocr_line' id='line_1_6' title="bbox 190 833 1127 915; baseline -0.007 -12"><span class='ocrx_word' id='word_1_30' title='bbox 190 858 355 915; x_wconf 90' lang='lat' dir='ltr'>conorum,</span> <span class='ocrx_word' id='word_1_31' title='bbox 370 857 452 899; x_wconf 90' lang='lat' dir='ltr'>unus</span> <span class='ocrx_word' id='word_1_32' title='bbox 467 838 585 898; x_wconf 87' lang='lat' dir='ltr'>electus</span> <span class='ocrx_word' id='word_1_33' title='bbox 599 838 668 896; x_wconf 86' lang='lat' dir='ltr'>erat</span> <span class='ocrx_word' id='word_1_34' title='bbox 687 833 948 909; x_wconf 88' lang='lat' dir='ltr'>Archidiaconus,</span> <span class='ocrx_word' id='word_1_35' title='bbox 966 835 1023 912; x_wconf 89' lang='lat' dir='ltr'>qui</span> <span class='ocrx_word' id='word_1_36' title='bbox 1041 835 1127 897; x_wconf 83' lang='lat' dir='ltr'>vices</span> 
     </span>
     <span class='ocr_line' id='line_1_7' title="bbox 187 929 1129 1016; baseline -0.008 -17"><span class='ocrx_word' id='word_1_37' title='bbox 187 935 333 1016; x_wconf 81' lang='lat' dir='ltr'><strong>Episcopi</strong></span> <span class='ocrx_word' id='word_1_38' title='bbox 349 933 514 1014; x_wconf 82' lang='lat' dir='ltr'>generales</span> <span class='ocrx_word' id='word_1_39' title='bbox 528 931 697 992; x_wconf 83' lang='lat' dir='ltr'>sustineret</span> <span class='ocrx_word' id='word_1_40' title='bbox 710 931 742 990; x_wconf 94' lang='lat' dir='ltr'>in</span> <span class='ocrx_word' id='word_1_41' title='bbox 762 930 821 991; x_wconf 91' lang='lat' dir='ltr'>hac</span> <span class='ocrx_word' id='word_1_42' title='bbox 835 929 1063 1009; x_wconf 88' lang='lat' dir='ltr'>temporalium</span> <span class='ocrx_word' id='word_1_43' title='bbox 1078 949 1129 992; x_wconf 89' lang='lat' dir='ltr'>re·</span> 
     </span>
     <span class='ocr_line' id='line_1_8' title="bbox 187 1029 555 1094; baseline -0.011 0"><span class='ocrx_word' id='word_1_44' title='bbox 187 1051 258 1094; x_wconf 90' lang='lat' dir='ltr'>rum</span> <span class='ocrx_word' id='word_1_45' title='bbox 273 1029 555 1092; x_wconf 72' lang='lat' dir='ltr'>administratione.</span> 
     </span>
    </p>

    <p class='ocr_par' dir='ltr' id='par_1_3' title="bbox 186 1117 1128 1678">
     <span class='ocr_line' id='line_1_9' title="bbox 226 1117 1128 1202; baseline -0.007 -14"><span class='ocrx_word' id='word_1_46' title='bbox 226 1126 289 1188; x_wconf 88' lang='lat' dir='ltr'>Sed</span> <span class='ocrx_word' id='word_1_47' title='bbox 305 1125 417 1186; x_wconf 89' lang='lat' dir='ltr'>erectis</span> <span class='ocrx_word' id='word_1_48' title='bbox 431 1123 510 1199; x_wconf 82' lang='lat' dir='ltr'>aliis,</span> <span class='ocrx_word' id='word_1_49' title='bbox 527 1121 630 1202; x_wconf 92' lang='lat' dir='ltr'>primo</span> <span class='ocrx_word' id='word_1_50' title='bbox 646 1137 730 1195; x_wconf 90' lang='lat' dir='ltr'>rure,</span> <span class='ocrx_word' id='word_1_51' title='bbox 743 1117 858 1179; x_wconf 92' lang='lat' dir='ltr'>deinde</span> <span class='ocrx_word' id='word_1_52' title='bbox 872 1119 905 1177; x_wconf 91' lang='lat' dir='ltr'>in</span> <span class='ocrx_word' id='word_1_53' title='bbox 920 1117 1055 1180; x_wconf 89' lang='lat' dir='ltr'>urbibus</span> <span class='ocrx_word' id='word_1_54' title='bbox 1071 1121 1128 1182; x_wconf 79' lang='lat' dir='ltr'>Ec</span> 
     </span>
     <span class='ocr_line' id='line_1_10' title="bbox 186 1214 1127 1297; baseline -0.003 -16"><span class='ocrx_word' id='word_1_55' title='bbox 186 1219 288 1281; x_wconf 90' lang='lat' dir='ltr'>clesiis</span> <span class='ocrx_word' id='word_1_56' title='bbox 309 1222 426 1297; x_wconf 85' lang='lat' dir='ltr'>praeter</span> <span class='ocrx_word' id='word_1_57' title='bbox 448 1217 675 1292; x_wconf 81' lang='lat' dir='ltr'>cathedralem,</span> <span class='ocrx_word' id='word_1_58' title='bbox 692 1214 760 1275; x_wconf 85' lang='lat' dir='ltr'>haec</span> <span class='ocrx_word' id='word_1_59' title='bbox 779 1214 955 1276; x_wconf 89' lang='lat' dir='ltr'>communis</span> <span class='ocrx_word' id='word_1_60' title='bbox 975 1215 1127 1278; x_wconf 88' lang='lat' dir='ltr'>adminis-</span> 
     </span>
     <span class='ocr_line' id='line_1_11' title="bbox 186 1306 1128 1388; baseline -0.003 -14"><span class='ocrx_word' id='word_1_61' title='bbox 186 1310 328 1374; x_wconf 84' lang='lat' dir='ltr'>trationis</span> <span class='ocrx_word' id='word_1_62' title='bbox 342 1310 423 1369; x_wconf 88' lang='lat' dir='ltr'>ratio</span> <span class='ocrx_word' id='word_1_63' title='bbox 437 1311 524 1370; x_wconf 89' lang='lat' dir='ltr'>vices</span> <span class='ocrx_word' id='word_1_64' title='bbox 538 1310 660 1387; x_wconf 87' lang='lat' dir='ltr'>aliquas</span> <span class='ocrx_word' id='word_1_65' title='bbox 681 1307 788 1384; x_wconf 90' lang='lat' dir='ltr'>subiit,</span> <span class='ocrx_word' id='word_1_66' title='bbox 806 1306 909 1367; x_wconf 87' lang='lat' dir='ltr'>missis</span> <span class='ocrx_word' id='word_1_67' title='bbox 928 1308 1128 1388; x_wconf 84' lang='lat' dir='ltr'>presbyteris</span> 
     </span>
     <span class='ocr_line' id='line_1_12' title="bbox 186 1403 1126 1470; baseline -0.002 0"><span class='ocrx_word' id='word_1_68' title='bbox 186 1412 218 1470; x_wconf 91' lang='lat' dir='ltr'>et</span> <span class='ocrx_word' id='word_1_69' title='bbox 230 1406 379 1467; x_wconf 86' lang='lat' dir='ltr'>ministris</span> <span class='ocrx_word' id='word_1_70' title='bbox 394 1405 519 1465; x_wconf 91' lang='lat' dir='ltr'>illarum</span> <span class='ocrx_word' id='word_1_71' title='bbox 539 1405 746 1464; x_wconf 89' lang='lat' dir='ltr'>ecclesiarum</span> <span class='ocrx_word' id='word_1_72' title='bbox 759 1404 849 1466; x_wconf 87' lang='lat' dir='ltr'>titulo</span> <span class='ocrx_word' id='word_1_73' title='bbox 861 1403 1028 1466; x_wconf 79' lang='lat' dir='ltr'>ordinatis</span> <span class='ocrx_word' id='word_1_74' title='bbox 1046 1407 1126 1469; x_wconf 85' lang='lat' dir='ltr'>Vide</span> 
     </span>
     <span class='ocr_line' id='line_1_13' title="bbox 186 1500 1124 1581; baseline -0.001 -14"><span class='ocrx_word' id='word_1_75' title='bbox 186 1503 317 1567; x_wconf 89' lang='lat' dir='ltr'>Berardi</span> <span class='ocrx_word' id='word_1_76' title='bbox 333 1505 350 1566; x_wconf 86' lang='lat' dir='ltr'>J</span> <span class='ocrx_word' id='word_1_77' title='bbox 355 1520 390 1564; x_wconf 90' lang='lat' dir='ltr'>us</span> <span class='ocrx_word' id='word_1_78' title='bbox 411 1500 659 1581; x_wconf 89' lang='lat' dir='ltr'>ecclesiasticum</span> <span class='ocrx_word' id='word_1_79' title='bbox 669 1501 868 1563; x_wconf 85' lang='lat' dir='ltr'>universum:</span> <span class='ocrx_word' id='word_1_80' title='bbox 894 1501 1084 1566; x_wconf 86' lang='lat' dir='ltr'>Dissertatio</span> <span class='ocrx_word' id='word_1_81' title='bbox 1100 1507 1124 1581; x_wconf 93' lang='lat' dir='ltr'>l,</span> 
     </span>
     <span class='ocr_line' id='line_1_14' title="bbox 187 1598 506 1678; baseline -0.013 -16"><span class='ocrx_word' id='word_1_82' title='bbox 187 1621 215 1664; x_wconf 92' lang='lat' dir='ltr'>e.</span> <span class='ocrx_word' id='word_1_83' title='bbox 233 1605 262 1678; x_wconf 87' lang='lat' dir='ltr'>l,</span> <span class='ocrx_word' id='word_1_84' title='bbox 280 1601 319 1660; x_wconf 92' lang='lat' dir='ltr'>de</span> <span class='ocrx_word' id='word_1_85' title='bbox 334 1598 506 1660; x_wconf 89' lang='lat' dir='ltr'>benefieiis.</span> 
     </span>
    </p>

    <p class='ocr_par' dir='ltr' id='par_1_4' title="bbox 136 1691 1176 3015">
     <span class='ocr_line' id='line_1_15' title="bbox 226 1691 1176 1776; baseline -0.003 -19"><span class='ocrx_word' id='word_1_86' title='bbox 226 1697 279 1757; x_wconf 90' lang='grc' dir='ltr'><strong>ΙΙΙ.</strong></span> <span class='ocrx_word' id='word_1_87' title='bbox 298 1696 444 1758; x_wconf 85' lang='lat' dir='ltr'>Solemus</span> <span class='ocrx_word' id='word_1_88' title='bbox 454 1693 513 1754; x_wconf 76' lang='lat' dir='ltr'>brit</span> <span class='ocrx_word' id='word_1_89' title='bbox 526 1693 558 1752; x_wconf 90' lang='lat' dir='ltr'>iu</span> <span class='ocrx_word' id='word_1_90' title='bbox 574 1691 788 1772; x_wconf 84' lang='lat' dir='ltr'>ecclesiastica</span> <span class='ocrx_word' id='word_1_91' title='bbox 802 1691 1012 1770; x_wconf 87' lang='lat' dir='ltr'>disciplinaut</span> <span class='ocrx_word' id='word_1_92' title='bbox 1027 1695 1127 1755; x_wconf 87' lang='lat' dir='ltr'>sacris</span> <span class='ocrx_word' id='word_1_93' title='bbox 1172 1769 1176 1776; x_wconf 52' lang='lat'>.</span> 
     </span>
     <span class='ocr_line' id='line_1_16' title="bbox 136 1777 1126 1869; baseline -0.003 -17"><span class='ocrx_word' id='word_1_94' title='bbox 136 1795 140 1800; x_wconf 84' lang='grc'><strong>’</strong></span> <span class='ocrx_word' id='word_1_95' title='bbox 187 1791 374 1852; x_wconf 89' lang='lat' dir='ltr'>clericorum</span> <span class='ocrx_word' id='word_1_96' title='bbox 388 1777 499 1849; x_wconf 89' lang='lat' dir='ltr'>officiis</span> <span class='ocrx_word' id='word_1_97' title='bbox 513 1789 721 1868; x_wconf 87' lang='lat' dir='ltr'>responderet</span> <span class='ocrx_word' id='word_1_98' title='bbox 731 1788 784 1869; x_wconf 83' lang='lat' dir='ltr'>jus</span> <span class='ocrx_word' id='word_1_99' title='bbox 799 1788 839 1848; x_wconf 90' lang='lat' dir='ltr'>ad</span> <span class='ocrx_word' id='word_1_100' title='bbox 852 1789 1046 1866; x_wconf 89' lang='lat' dir='ltr'>temporales</span> <span class='ocrx_word' id='word_1_101' title='bbox 1054 1808 1126 1868; x_wconf 94' lang='lat' dir='ltr'>pro-</span> 
     </span>
     <span class='ocr_line' id='line_1_17' title="bbox 186 1882 1127 1963; baseline -0.003 -15"><span class='ocrx_word' id='word_1_102' title='bbox 186 1888 298 1948; x_wconf 90' lang='lat' dir='ltr'>ventus</span> <span class='ocrx_word' id='word_1_103' title='bbox 317 1902 374 1963; x_wconf 93' lang='lat' dir='ltr'>pro</span> <span class='ocrx_word' id='word_1_104' title='bbox 394 1884 527 1945; x_wconf 91' lang='lat' dir='ltr'>honesta</span> <span class='ocrx_word' id='word_1_105' title='bbox 545 1885 593 1944; x_wconf 93' lang='lat' dir='ltr'>sui</span> <span class='ocrx_word' id='word_1_106' title='bbox 614 1883 881 1958; x_wconf 82' lang='lat' dir='ltr'>substentatioue3</span> <span class='ocrx_word' id='word_1_107' title='bbox 899 1882 1057 1962; x_wconf 90' lang='lat' dir='ltr'>scriptum</span> <span class='ocrx_word' id='word_1_108' title='bbox 1080 1891 1127 1945; x_wconf 87' lang='lat' dir='ltr'>est</span> 
     </span>
     <span class='ocr_line' id='line_1_18' title="bbox 186 1977 1122 2061; baseline 0 -19"><span class='ocrx_word' id='word_1_109' title='bbox 186 1983 271 2042; x_wconf 94' lang='lat' dir='ltr'>euim</span> <span class='ocrx_word' id='word_1_110' title='bbox 287 1981 310 2061; x_wconf 94' lang='lat' dir='ltr'>(l</span> <span class='ocrx_word' id='word_1_111' title='bbox 326 1983 396 2043; x_wconf 86' lang='lat' dir='ltr'>Gor.</span> <span class='ocrx_word' id='word_1_112' title='bbox 414 1984 444 2059; x_wconf 88' lang='grc'>9,</span> <span class='ocrx_word' id='word_1_113' title='bbox 461 1983 505 2057; x_wconf 85' lang='grc'>9,)</span> <span class='ocrx_word' id='word_1_114' title='bbox 519 2000 526 2041; x_wconf 91' lang='lat'><strong>:</strong></span> <span class='ocrx_word' id='word_1_115' title='bbox 544 1983 612 2042; x_wconf 91' lang='lat' dir='ltr'>Non</span> <span class='ocrx_word' id='word_1_116' title='bbox 627 1979 771 2058; x_wconf 81' lang='lat' dir='ltr'>alligabis</span> <span class='ocrx_word' id='word_1_117' title='bbox 786 1997 820 2040; x_wconf 90' lang='lat' dir='ltr'>os</span> <span class='ocrx_word' id='word_1_118' title='bbox 833 1977 907 2040; x_wconf 90' lang='lat' dir='ltr'>bovi</span> <span class='ocrx_word' id='word_1_119' title='bbox 920 1979 1122 2042; x_wconf 82' lang='lat' dir='ltr'>trituranti...</span> 
     </span>
     <span class='ocr_line' id='line_1_19' title="bbox 186 2074 1122 2159; baseline -0.003 -19"><span class='ocrx_word' id='word_1_120' title='bbox 186 2079 281 2159; x_wconf 85' lang='lat' dir='ltr'>quiin</span> <span class='ocrx_word' id='word_1_121' title='bbox 292 2078 429 2140; x_wconf 87' lang='lat' dir='ltr'>sacrario</span> <span class='ocrx_word' id='word_1_122' title='bbox 445 2080 626 2156; x_wconf 88' lang='lat' dir='ltr'>operantur,</span> <span class='ocrx_word' id='word_1_123' title='bbox 640 2092 710 2155; x_wconf 81' lang='lat' dir='ltr'>quae</span> <span class='ocrx_word' id='word_1_124' title='bbox 725 2074 764 2135; x_wconf 88' lang='lat' dir='ltr'>de</span> <span class='ocrx_word' id='word_1_125' title='bbox 776 2076 913 2137; x_wconf 88' lang='lat' dir='ltr'>sacrario</span> <span class='ocrx_word' id='word_1_126' title='bbox 921 2080 996 2138; x_wconf 90' lang='lat' dir='ltr'>sunt</span> <span class='ocrx_word' id='word_1_127' title='bbox 1010 2076 1122 2154; x_wconf 90' lang='lat' dir='ltr'>edunt,</span> 
     </span>
     <span class='ocr_line' id='line_1_20' title="bbox 186 2172 1125 2253; baseline 0.001 -19"><span class='ocrx_word' id='word_1_128' title='bbox 186 2181 218 2235; x_wconf 86' lang='lat' dir='ltr'>et</span> <span class='ocrx_word' id='word_1_129' title='bbox 241 2174 294 2253; x_wconf 91' lang='lat' dir='ltr'>qui</span> <span class='ocrx_word' id='word_1_130' title='bbox 315 2174 406 2235; x_wconf 91' lang='lat' dir='ltr'>altari</span> <span class='ocrx_word' id='word_1_131' title='bbox 427 2172 609 2233; x_wconf 88' lang='lat' dir='ltr'>deserviunt</span> <span class='ocrx_word' id='word_1_132' title='bbox 630 2188 702 2232; x_wconf 91' lang='lat' dir='ltr'>cum</span> <span class='ocrx_word' id='word_1_133' title='bbox 725 2172 815 2233; x_wconf 90' lang='lat' dir='ltr'>altari</span> <span class='ocrx_word' id='word_1_134' title='bbox 834 2172 1067 2251; x_wconf 87' lang='lat' dir='ltr'>participant...</span> <span class='ocrx_word' id='word_1_135' title='bbox 1093 2178 1125 2236; x_wconf 91' lang='lat' dir='ltr'>et</span> 
     </span>
     <span class='ocr_line' id='line_1_21' title="bbox 185 2267 1123 2348; baseline 0.002 -19"><span class='ocrx_word' id='word_1_136' title='bbox 185 2270 335 2330; x_wconf 89' lang='lat' dir='ltr'>Dominus</span> <span class='ocrx_word' id='word_1_137' title='bbox 351 2269 508 2329; x_wconf 88' lang='lat' dir='ltr'>ordinavit</span> <span class='ocrx_word' id='word_1_138' title='bbox 521 2267 559 2329; x_wconf 91' lang='lat' dir='ltr'>iis</span> <span class='ocrx_word' id='word_1_139' title='bbox 574 2268 629 2348; x_wconf 90' lang='lat' dir='ltr'>qui</span> <span class='ocrx_word' id='word_1_140' title='bbox 643 2267 850 2347; x_wconf 74' lang='lat' dir='ltr'>Evangelium</span> <span class='ocrx_word' id='word_1_141' title='bbox 869 2269 1062 2331; x_wconf 88' lang='lat' dir='ltr'>annuntiant</span> <span class='ocrx_word' id='word_1_142' title='bbox 1084 2271 1123 2331; x_wconf 92' lang='lat' dir='ltr'>de</span> 
     </span>
     <span class='ocr_line' id='line_1_22' title="bbox 184 2362 1119 2444; baseline 0.004 -23"><span class='ocrx_word' id='word_1_143' title='bbox 184 2362 356 2440; x_wconf 77' lang='lat' dir='ltr'>Evangelio</span> <span class='ocrx_word' id='word_1_144' title='bbox 372 2363 489 2423; x_wconf 88' lang='lat' dir='ltr'>vivere.</span> <span class='ocrx_word' id='word_1_145' title='bbox 509 2363 567 2435; x_wconf 81' lang='lat' dir='ltr'>Qui</span> <span class='ocrx_word' id='word_1_146' title='bbox 589 2364 671 2424; x_wconf 91' lang='lat' dir='ltr'>beue</span> <span class='ocrx_word' id='word_1_147' title='bbox 694 2366 834 2441; x_wconf 73' lang='lat' dir='ltr'>praesunt</span> <span class='ocrx_word' id='word_1_148' title='bbox 849 2362 873 2442; x_wconf 91' lang='lat' dir='ltr'>(l</span> <span class='ocrx_word' id='word_1_149' title='bbox 892 2363 987 2440; x_wconf 62' lang='lat' dir='ltr'>Tim„</span> <span class='ocrx_word' id='word_1_150' title='bbox 1003 2368 1036 2441; x_wconf 80' lang='lat'>5,</span> <span class='ocrx_word' id='word_1_151' title='bbox 1059 2365 1119 2444; x_wconf 81' lang='lat' dir='ltr'>li),</span> 
     </span>
     <span class='ocr_line' id='line_1_23' title="bbox 184 2454 1119 2537; baseline 0.004 -21"><span class='ocrx_word' id='word_1_152' title='bbox 184 2454 360 2535; x_wconf 81' lang='lat' dir='ltr'>presbyteri</span> <span class='ocrx_word' id='word_1_153' title='bbox 385 2456 502 2535; x_wconf 87' lang='lat' dir='ltr'>duplici</span> <span class='ocrx_word' id='word_1_154' title='bbox 525 2458 646 2519; x_wconf 88' lang='lat' dir='ltr'>honore</span> <span class='ocrx_word' id='word_1_155' title='bbox 672 2458 759 2537; x_wconf 89' lang='lat' dir='ltr'>digni</span> <span class='ocrx_word' id='word_1_156' title='bbox 774 2458 962 2535; x_wconf 87' lang='lat' dir='ltr'>habeantur,</span> <span class='ocrx_word' id='word_1_157' title='bbox 983 2462 1119 2521; x_wconf 84' lang='lat' dir='ltr'>maxime</span> 
     </span>
     <span class='ocr_line' id='line_1_24' title="bbox 185 2552 1119 2635; baseline 0.001 -21"><span class='ocrx_word' id='word_1_158' title='bbox 185 2552 237 2632; x_wconf 90' lang='lat' dir='ltr'>qui</span> <span class='ocrx_word' id='word_1_159' title='bbox 251 2552 443 2614; x_wconf 85' lang='lat' dir='ltr'>laborantia</span> <span class='ocrx_word' id='word_1_160' title='bbox 467 2552 563 2613; x_wconf 90' lang='lat' dir='ltr'>verbo</span> <span class='ocrx_word' id='word_1_161' title='bbox 587 2558 618 2615; x_wconf 89' lang='lat' dir='ltr'>et</span> <span class='ocrx_word' id='word_1_162' title='bbox 640 2554 791 2616; x_wconf 90' lang='lat' dir='ltr'>doctriua.</span> <span class='ocrx_word' id='word_1_163' title='bbox 816 2554 896 2616; x_wconf 89' lang='lat' dir='ltr'>Dicit</span> <span class='ocrx_word' id='word_1_164' title='bbox 911 2554 996 2617; x_wconf 89' lang='lat' dir='ltr'>enim</span> <span class='ocrx_word' id='word_1_165' title='bbox 1014 2557 1119 2635; x_wconf 89' lang='lat' dir='ltr'>Serip-</span> 
     </span>
     <span class='ocr_line' id='line_1_25' title="bbox 182 2648 1120 2730; baseline -0.001 -18"><span class='ocrx_word' id='word_1_166' title='bbox 182 2654 256 2712; x_wconf 90' lang='lat' dir='ltr'>tura</span> <span class='ocrx_word' id='word_1_167' title='bbox 266 2668 273 2709; x_wconf 92' lang='lat'><strong>:</strong></span> <span class='ocrx_word' id='word_1_168' title='bbox 285 2650 353 2709; x_wconf 90' lang='lat' dir='ltr'>Non</span> <span class='ocrx_word' id='word_1_169' title='bbox 365 2649 508 2729; x_wconf 91' lang='lat' dir='ltr'>alligabis</span> <span class='ocrx_word' id='word_1_170' title='bbox 517 2648 634 2709; x_wconf 87' lang='lat' dir='ltr'>osbovi</span> <span class='ocrx_word' id='word_1_171' title='bbox 645 2650 814 2725; x_wconf 87' lang='lat' dir='ltr'>trituranti,</span> <span class='ocrx_word' id='word_1_172' title='bbox 823 2656 854 2710; x_wconf 90' lang='lat' dir='ltr'>et</span> <span class='ocrx_word' id='word_1_173' title='bbox 864 2649 980 2729; x_wconf 91' lang='lat' dir='ltr'>dignus</span> <span class='ocrx_word' id='word_1_174' title='bbox 990 2654 1040 2714; x_wconf 90' lang='lat' dir='ltr'>est</span> <span class='ocrx_word' id='word_1_175' title='bbox 1050 2669 1120 2730; x_wconf 91' lang='lat' dir='ltr'>ope-</span> 
     </span>
     <span class='ocr_line' id='line_1_26' title="bbox 184 2745 1120 2829; baseline 0.002 -22"><span class='ocrx_word' id='word_1_176' title='bbox 184 2748 286 2807; x_wconf 89' lang='lat' dir='ltr'>rarius</span> <span class='ocrx_word' id='word_1_177' title='bbox 300 2746 446 2805; x_wconf 90' lang='lat' dir='ltr'>mercede</span> <span class='ocrx_word' id='word_1_178' title='bbox 461 2764 529 2805; x_wconf 90' lang='lat' dir='ltr'>sua.</span> <span class='ocrx_word' id='word_1_179' title='bbox 544 2746 607 2807; x_wconf 90' lang='lat' dir='ltr'>Sed</span> <span class='ocrx_word' id='word_1_180' title='bbox 615 2745 721 2805; x_wconf 87' lang='lat' dir='ltr'>varius</span> <span class='ocrx_word' id='word_1_181' title='bbox 735 2745 793 2806; x_wconf 86' lang='lat' dir='ltr'>luit</span> <span class='ocrx_word' id='word_1_182' title='bbox 807 2746 919 2807; x_wconf 88' lang='lat' dir='ltr'>modus</span> <span class='ocrx_word' id='word_1_183' title='bbox 934 2766 998 2827; x_wconf 88' lang='lat' dir='ltr'>quo</span> <span class='ocrx_word' id='word_1_184' title='bbox 1014 2748 1120 2829; x_wconf 88' lang='lat' dir='ltr'>hujus·</span> 
     </span>
     <span class='ocr_line' id='line_1_27' title="bbox 183 2839 1120 2924; baseline 0.003 -22"><span class='ocrx_word' id='word_1_185' title='bbox 183 2842 269 2902; x_wconf 89' lang='lat' dir='ltr'>modi</span> <span class='ocrx_word' id='word_1_186' title='bbox 282 2840 401 2921; x_wconf 84' lang='lat' dir='ltr'>juspro</span> <span class='ocrx_word' id='word_1_187' title='bbox 416 2839 519 2901; x_wconf 90' lang='lat' dir='ltr'>officio</span> <span class='ocrx_word' id='word_1_188' title='bbox 534 2846 716 2919; x_wconf 84' lang='lat' dir='ltr'>competens</span> <span class='ocrx_word' id='word_1_189' title='bbox 731 2850 939 2903; x_wconf 87' lang='lat' dir='ltr'>exercuerunt</span> <span class='ocrx_word' id='word_1_190' title='bbox 947 2842 1120 2924; x_wconf 87' lang='lat' dir='ltr'>elericiprc</span> 
     </span>
     <span class='ocr_line' id='line_1_28' title="bbox 183 2934 985 3015; baseline 0.004 -18"><span class='ocrx_word' id='word_1_191' title='bbox 183 2938 334 2998; x_wconf 88' lang='lat' dir='ltr'>varietate</span> <span class='ocrx_word' id='word_1_192' title='bbox 349 2934 628 2997; x_wconf 91' lang='lat' dir='ltr'>administrationis</span> <span class='ocrx_word' id='word_1_193' title='bbox 642 2937 757 3015; x_wconf 88' lang='lat' dir='ltr'>peculii</span> <span class='ocrx_word' id='word_1_194' title='bbox 771 2938 985 3000; x_wconf 87' lang='lat' dir='ltr'>ecclesiastici.</span> 
     </span>
    </p>

    <p class='ocr_par' dir='ltr' id='par_1_5' title="bbox 179 3028 1119 3570">
     <span class='ocr_line' id='line_1_29' title="bbox 223 3028 1119 3108; baseline 0.003 -18"><span class='ocrx_word' id='word_1_195' title='bbox 223 3031 329 3108; x_wconf 88' lang='lat' dir='ltr'>Usque</span> <span class='ocrx_word' id='word_1_196' title='bbox 348 3028 389 3087; x_wconf 88' lang='lat' dir='ltr'>ad</span> <span class='ocrx_word' id='word_1_197' title='bbox 407 3028 559 3088; x_wconf 81' lang='lat' dir='ltr'>saeculum</span> <span class='ocrx_word' id='word_1_198' title='bbox 575 3045 605 3105; x_wconf 80' lang='lat' dir='ltr'>v,</span> <span class='ocrx_word' id='word_1_199' title='bbox 624 3029 749 3107; x_wconf 85' lang='lat' dir='ltr'>quando</span> <span class='ocrx_word' id='word_1_200' title='bbox 769 3049 832 3092; x_wconf 90' lang='lat' dir='ltr'>nou</span> <span class='ocrx_word' id='word_1_201' title='bbox 854 3034 922 3093; x_wconf 90' lang='lat' dir='ltr'>arat</span> <span class='ocrx_word' id='word_1_202' title='bbox 940 3033 1119 3093; x_wconf 90' lang='lat' dir='ltr'>communis</span> 
     </span>
     <span class='ocr_line' id='line_1_30' title="bbox 183 3120 1119 3203; baseline 0.006 -20"><span class='ocrx_word' id='word_1_203' title='bbox 183 3123 412 3185; x_wconf 88' lang='lat' dir='ltr'>administratio</span> <span class='ocrx_word' id='word_1_204' title='bbox 426 3122 523 3184; x_wconf 92' lang='lat' dir='ltr'>totius</span> <span class='ocrx_word' id='word_1_205' title='bbox 542 3120 727 3202; x_wconf 62' lang='lat' dir='ltr'>peculii&#39;seu</span> <span class='ocrx_word' id='word_1_206' title='bbox 748 3125 930 3203; x_wconf 90' lang='lat' dir='ltr'>patrimonii</span> <span class='ocrx_word' id='word_1_207' title='bbox 952 3128 1119 3189; x_wconf 86' lang='lat' dir='ltr'>ecclesias-</span> 
     </span>
     <span class='ocr_line' id='line_1_31' title="bbox 182 3218 1117 3301; baseline 0.009 -23"><span class='ocrx_word' id='word_1_208' title='bbox 182 3218 254 3293; x_wconf 87' lang='lat' dir='ltr'>tici,</span> <span class='ocrx_word' id='word_1_209' title='bbox 278 3220 362 3299; x_wconf 90' lang='lat' dir='ltr'>quod</span> <span class='ocrx_word' id='word_1_210' title='bbox 386 3221 427 3280; x_wconf 91' lang='lat' dir='ltr'>ab</span> <span class='ocrx_word' id='word_1_211' title='bbox 452 3236 514 3279; x_wconf 92' lang='lat' dir='ltr'>uno</span> <span class='ocrx_word' id='word_1_212' title='bbox 536 3220 684 3299; x_wconf 89' lang='lat' dir='ltr'>episeopo</span> <span class='ocrx_word' id='word_1_213' title='bbox 707 3221 739 3281; x_wconf 92' lang='lat' dir='ltr'>in</span> <span class='ocrx_word' id='word_1_214' title='bbox 766 3222 897 3301; x_wconf 90' lang='lat' dir='ltr'>siugulis</span> <span class='ocrx_word' id='word_1_215' title='bbox 925 3223 1117 3286; x_wconf 87' lang='lat' dir='ltr'>dioecesibus</span> 
     </span>
     <span class='ocr_line' id='line_1_32' title="bbox 183 3312 1113 3396; baseline 0.011 -27"><span class='ocrx_word' id='word_1_216' title='bbox 183 3312 553 3378; x_wconf 85' lang='lat' dir='ltr'>ministris-diaconorum</span> <span class='ocrx_word' id='word_1_217' title='bbox 567 3318 598 3376; x_wconf 88' lang='lat' dir='ltr'>et</span> <span class='ocrx_word' id='word_1_218' title='bbox 617 3316 882 3377; x_wconf 87' lang='lat' dir='ltr'>subdiaconorum</span> <span class='ocrx_word' id='word_1_219' title='bbox 896 3320 1113 3396; x_wconf 81' lang='lat' dir='ltr'>exercebatur,</span> 
     </span>
     <span class='ocr_line' id='line_1_33' title="bbox 179 3404 1115 3490; baseline 0.016 -32"><span class='ocrx_word' id='word_1_220' title='bbox 179 3404 232 3479; x_wconf 85' lang='lat' dir='ltr'>jus</span> <span class='ocrx_word' id='word_1_221' title='bbox 242 3404 422 3479; x_wconf 90' lang='lat' dir='ltr'>temporalis</span> <span class='ocrx_word' id='word_1_222' title='bbox 437 3408 569 3469; x_wconf 91' lang='lat' dir='ltr'>subsidii</span> <span class='ocrx_word' id='word_1_223' title='bbox 579 3409 682 3472; x_wconf 82' lang='lat' dir='ltr'>officio</span> <span class='ocrx_word' id='word_1_224' title='bbox 694 3411 829 3472; x_wconf 92' lang='lat' dir='ltr'>clericali</span> <span class='ocrx_word' id='word_1_225' title='bbox 843 3412 1040 3490; x_wconf 89' lang='lat' dir='ltr'>respondens</span> <span class='ocrx_word' id='word_1_226' title='bbox 1051 3417 1115 3475; x_wconf 90' lang='lat' dir='ltr'>erat</span> 
     </span>
     <span class='ocr_line' id='line_1_34' title="bbox 180 3492 1114 3570; baseline 0.025 -23"><span class='ocrx_word' id='word_1_227' title='bbox 180 3492 233 3569; x_wconf 87' lang='lat' dir='ltr'>jus</span> <span class='ocrx_word' id='word_1_228' title='bbox 247 3494 417 3569; x_wconf 87' lang='lat' dir='ltr'>recipiendi</span> <span class='ocrx_word' id='word_1_229' title='bbox 432 3502 606 3564; x_wconf 89' lang='lat' dir='ltr'>ordinarias</span> <span class='ocrx_word' id='word_1_230' title='bbox 618 3505 851 3568; x_wconf 85' lang='lat' dir='ltr'>distributiones</span> <span class='ocrx_word' id='word_1_231' title='bbox 862 3506 900 3566; x_wconf 90' lang='lat' dir='ltr'>de</span> <span class='ocrx_word' id='word_1_232' title='bbox 911 3524 1017 3569; x_wconf 90' lang='lat' dir='ltr'>massa</span> <span class='ocrx_word' id='word_1_233' title='bbox 1031 3526 1114 3570; x_wconf 91' lang='lat' dir='ltr'>com-</span> 
     </span>
    </p>
   </div>
   <div class='ocr_carea' id='block_1_3' title="bbox 0 0 1226 4125">
    <p class='ocr_par' dir='ltr' id='par_1_6' title="bbox 0 0 1226 4125">
     <span class='ocr_line' id='line_1_35' title="bbox 0 0 1226 4125; baseline 0 2"><span class='ocrx_word' id='word_1_234' title='bbox 0 0 1226 4125; x_wconf 95' lang='lat' dir='ltr'> </span> 
     </span>
    </p>
   </div>
  </div>
 </body>
</html>
