2442 4125
342 352 381 397 ns
402 351 531 398 carnoso
551 353 635 400 rums
657 353 812 402 onnon1c1.
985 345 1042 404 le'l

107 495 344 580 quodammodo
360 495 563 572 considerari,
579 499 612 558 et
626 495 709 558 circa
725 514 821 576 quam
835 499 929 561 homo
942 503 1044 580 magis

107 611 201 656 suam
221 592 467 654 imbecillitatem
482 591 576 654 sentit
593 597 626 654 et
645 593 814 673 experitur,
834 595 973 672 protecto
996 601 1044 658 est

104 691 159 772 jus
172 688 414 752 matrimoniale.
425 690 504 748 Nam
517 688 544 748 si
558 688 677 750 tristior
690 688 810 767 pcccati
825 689 985 768 originalis
1000 693 1043 752 ef-

106 785 221 860 fectus,
242 788 275 842 et
294 781 485 859 potissimus,
507 780 687 843 inordinata
708 783 962 860 concupiscentia
983 789 1041 862 est,

106 880 134 941 si
149 869 220 940 liaec
233 875 424 938 inordinatio
438 874 558 935 nullom
573 877 747 956 appetitum
757 877 937 938 sensibilem
952 884 1044 959 urget

108 973 308 1038 communius
323 977 354 1034 et
367 971 563 1050 pervicacius
576 990 642 1049 prae
656 974 797 1051 appetitu
816 975 1043 1054 procreationis
1092 1025 1094 1032 ,

105 1071 236 1148 sobolis,
253 1069 279 1130 si
294 1070 345 1130 liic
365 1068 523 1146 appetitus
536 1068 577 1128 ad
591 1086 683 1130 usum
698 1069 897 1150 conjugalem
916 1071 1042 1134 ordina-

104 1172 161 1230 tus
175 1169 233 1243 est,
250 1164 358 1226 debuit
376 1163 612 1226 matrimonium
628 1164 756 1241 speciali
778 1166 916 1244 quodam
933 1168 1040 1244 modo,

106 1267 230 1325 naturae
244 1261 391 1322 humanae
400 1258 662 1339 degradationem
671 1261 797 1338 sentire,
811 1260 919 1324 debuit
933 1263 1042 1326 intem-

107 1357 248 1438 perantis
261 1356 496 1418 incontinentiae
512 1355 629 1417 vitiatae
649 1360 770 1418 naturae
789 1357 958 1436 specialem
971 1377 1043 1420 sen-

107 1454 169 1517 tire
184 1453 410 1530 difficultatem,
423 1456 459 1514 ut
472 1451 663 1513 matrimonii
679 1452 876 1517 honestatem
890 1458 1040 1531 servaret,

107 1551 219 1614 debuit
235 1549 288 1629 jus
305 1549 448 1612 naturale
462 1549 619 1610 inordina
634 1548 674 1610 ad
688 1549 933 1626 matrimonium,
951 1551 1043 1610 lasci-

107 1650 182 1710 nato
202 1647 366 1707 hominum
384 1646 567 1723 intellectui,
585 1649 617 1708 et
635 1664 730 1709 coeeae
749 1646 912 1706 hominnm
931 1648 1043 1708 volun-

105 1743 166 1807 tati
175 1743 327 1822 speciales
336 1743 506 1805 obvolvere
516 1742 728 1819 difficultates,
742 1742 850 1804 etfieri
859 1743 1040 1823 degradatos

105 1839 271 1902 hominnm
299 1839 471 1900 conditioni
501 1839 783 1918 improportionata
813 1838 934 1899 indoles
966 1857 1042 1900 con·

105 1936 207 2014 nubii,
224 1936 309 2017 qnod
322 1936 355 1996 in
369 1940 483 1998 natura
500 1935 623 2014 integra
642 1937 674 1995 et
691 1934 850 1997 innocenti
865 1935 1041 1999 inst'tutum

105 2034 165 2095 est.

268 2126 376 2205 Ergo:

146 2208 381 2301 l⁰Conjugium
399 2219 509 2299 incipit
528 2218 672 2281 amittere
685 2234 769 2278 cuum
786 2216 963 2278 eeclcu'oam
976 2219 1041 2279 nni·

105 2323 193 2377 teum
216 2335 228 2376 .·
255 2316 366 2377 Libido
394 2316 557 2377 hominum
585 2333 655 2395 quae
684 2312 855 2375 honestatis
883 2319 969 2376 mota
994 2317 1041 2376 est

102 2413 329 2475 transcendere
342 2412 469 2488 limites,
482 2411 573 2473 nnius
583 2411 689 2473 uxoris
700 2429 759 2471 usu
769 2427 831 2472 non
842 2411 964 2489 satisfit,
978 2430 1040 2473 non

104 2509 253 2583 satiatur;
270 2527 344 2570 nam
358 2508 456 2569 amori
472 2508 663 2583 consociata,
675 2506 728 2588 qui
743 2514 791 2569 est
804 2508 968 2570 dillusivus
979 2510 1038 2585 sui,

103 2608 137 2666 et
158 2605 350 2666 desiderium
372 2605 556 2681 informans,
576 2606 662 2684 quod
686 2612 799 2667 natura
823 2623 891 2681 sua,
916 2623 1041 2684 posses-

104 2700 195 2761 sione
215 2700 291 2762 boni
311 2700 471 2779 concupiti
491 2717 554 2761 non
578 2701 727 2776 satiatur,
750 2699 806 2760 sed
826 2699 1042 2759 inflammatur

102 2792 217 2872 magis,
233 2797 269 2855 ut
283 2794 345 2854 alia
358 2797 484 2872 exoptet
500 2793 555 2854 ubi
571 2794 702 2875 tandem
717 2793 877 2869 consistat,
895 2790 1042 2853 devincta

102 2889 234 2951 volubili
248 2890 410 2952 hominum
429 2894 542 2950 natura
561 2908 632 2969 quae
646 2889 736 2951 facile
752 2892 903 2951 consueta
923 2886 1042 2948 fastidit

102 2984 149 3060 in,
166 2985 226 3045 nisi
240 2986 397 3065 superiori
411 2986 517 3065 aliquo
536 2986 691 3065 principio
711 2984 918 3059 contineatur,
934 2982 1041 3043 incen-

102 3079 191 3141 ditur
204 3080 305 3160 magis
319 3100 393 3143 cum
407 3101 499 3143 usum
513 3085 644 3162 experta
659 3085 717 3156 est,
734 3085 765 3142 et
776 3078 932 3140 difficilius
943 3077 1043 3140 conti·

100 3180 208 3239 netur.
241 3178 324 3257 llrgo
352 3178 442 3239 facile
471 3178 531 3240 fuit
556 3175 792 3257 monogamiam
814 3175 846 3236 in
869 3174 1042 3255 bigamiam

101 3279 249 3348 vertere;
278 3274 450 3354 bigamiam
476 3269 837 3336 facile'indeterminata
861 3273 1043 3354 polygamiae

101 3370 237 3449 excepit.
265 3372 313 3431 En
340 3371 477 3450 primum
504 3370 643 3432 stadium
671 3370 906 3450 degradationis
934 3370 1043 3431 matri-

103 3485 216 3529 monn.

141 3560 357 3624 2⁰1mminuto
376 3580 435 3641 par
452 3560 667 3641 polygamiam
686 3577 794 3623 amore
810 3559 980 3644 conjugali,
998 3557 1043 3618 fa-
