2442 4125
203 297 260 355 118
413 302 641 351 lusnrunonns
661 303 743 349 tunrs
765 302 921 349 cnuonlcr.

201 459 312 514 ternus
326 447 488 511 christiani
503 453 604 509 status
618 446 668 509 vel
682 446 838 527 generalis
852 446 902 507 rol
915 445 1146 526 specialisplu-

201 548 289 609 ribus
310 544 595 607 modificationibus
616 543 745 605 subesse
765 545 880 621 potest,
901 545 936 605 ut
953 542 1007 605 vol
1025 542 1146 621 partim

201 645 252 707 vel
266 662 305 705 cx
319 643 441 723 integro
455 642 616 703 minuatur
629 641 680 701 vol
694 640 833 702 tollatur.

243 739 398 819 Suspendi
424 737 522 817 igitur
544 742 677 815 possunt
696 736 769 817 jura
792 734 972 797 christinnae
997 752 1144 797 commu-

201 834 304 895 nionis
317 834 367 895 vel
381 830 538 911 generalis
553 849 636 911 quta,
654 849 752 911 quum
771 831 839 892 sola
857 832 1019 909 competat
1036 830 1139 905 laicis,

201 931 297 993 sumit
309 946 425 991 nomon
439 926 556 1006 speciei
571 929 603 990 ct
621 925 885 1004 diuturnitatis,
906 925 957 988 val
977 926 1138 1006 specialis,
1208 1004 1209 1013 ἵ

201 1046 272 1108 quae
286 1025 438 1089 clericalis
453 1026 509 1085 cst.
535 1023 704 1104 Suspensio
727 1022 795 1085 haec
815 1022 848 1082 in
869 1022 1075 1103 primocasu
1098 1022 1139 1084 di·
1208 1020 1209 1039 ³

201 1124 282 1186 citur
308 1118 564 1183 excommunicatio
587 1138 658 1199 quae
682 1120 733 1181 vol
756 1118 854 1199 major
874 1118 925 1179 vel
948 1118 1050 1179 minor
1075 1123 1137 1193 ost,

200 1219 295 1297 prout
307 1218 357 1278 vel
379 1218 520 1278 omnium
539 1216 591 1277 vel
613 1216 790 1295 aliquorum
807 1214 929 1295 jurium
950 1215 1138 1277 exercitium
1209 1201 1210 1295 i

200 1312 374 1391 suspendit.
392 1312 562 1391 Suspensio
576 1313 644 1374 haeo
659 1311 844 1372 insecundo
859 1329 935 1373 casu
950 1310 1072 1373 dicitur
1081 1328 1139 1370 sos·

198 1408 308 1490 peusio,
324 1424 395 1486 quae
409 1409 478 1488 pari
492 1406 588 1470 modo
602 1408 653 1470 vol
668 1406 763 1469 totalis
777 1406 828 1469 vel
840 1405 981 1487 partiatis
996 1409 1058 1467 est.

240 1507 315 1568 Haec
328 1522 424 1584 poena
441 1504 554 1567 minuit
573 1508 701 1581 statum,
725 1509 880 1584 quatenus
897 1501 1033 1580 impedit
1052 1518 1136 1563 uxor
1210 1483 1211 1541 i

200 1600 309 1661 citium
322 1599 404 1661 illius
421 1620 428 1661 ε
445 1617 507 1660 non
521 1598 612 1660 tollit.

239 1695 318 1755 Tolli
332 1698 464 1773 possunt
473 1695 549 1773 jura
558 1692 629 1755 sive
643 1694 799 1775 generalis
813 1712 869 1756 seu
882 1694 971 1756 laioae
991 1712 1136 1757 commu·

200 1788 313 1865 nionis,
329 1794 361 1851 ct
374 1789 527 1850 clericalis
546 1791 785 1852 communionis.
809 1792 845 1852 ln
864 1790 967 1870 primo
989 1806 1068 1853 casu
1092 1792 1136 1853 di·
1211 1765 1212 1837 i

92 1908 97 1917 ·
200 1885 282 1948 citur
293 1884 461 1961 anathema,
477 1886 510 1946 in
524 1884 585 1947 alio
600 1884 717 1948 dicitur
729 1886 870 1966 depositio
882 1886 933 1948 vol
947 1884 1132 1965 degradatio.

239 1978 404 2041 Anctltemc
439 1984 487 2043 est
512 1998 680 2059 poenarum
709 1983 851 2043 omnium
877 1981 1082 2053 atrocissima
1106 1984 1134 2043 ot

199 2095 333 2154 summa,
355 2086 387 2138 ot
407 2077 522 2138 dicitnr
539 2077 797 2138 eueommuniectio
815 2072 949 2139 mortalis
968 2081 1004 2142 ut
1023 2097 1044 2140 a
1063 2080 1134 2140 sim-

196 2175 270 2254 plici
293 2174 616 2238 excommunicationc
638 2174 860 2254 distinguatur,
883 2179 915 2237 ot
934 2176 1134 2237 exeommuni-

196 2272 271 2331 eotio
288 2269 329 2330 nd
346 2271 509 2334 interitum.
531 2275 605 2333 Haec
629 2275 777 2351 segregat
799 2272 958 2332 hominem
982 2272 1025 2334 nb
1049 2271 1132 2334 omni

197 2367 427 2442 communionis
437 2366 520 2446 juro,
536 2370 688 2448 tanquam
702 2366 742 2428 dc
757 2385 794 2429 oo
810 2369 896 2429 nulla
909 2368 1048 2446 amplius
1062 2385 1132 2446 spes

197 2462 347 2541 affulgeat
373 2460 611 2524 emendationis.
637 2462 789 2524 indicitur
811 2463 843 2524 in
871 2463 1039 2525 haerctioos
1068 2463 1133 2524 uni-

196 2575 315 2633 vorsos,
341 2560 373 2619 ot
393 2557 427 2617 in
453 2576 506 2619 eos
534 2558 587 2638 qui
615 2559 720 2620 claves
748 2560 895 2622 Ecclesiae
923 2562 1134 2622 contemnunt

197 2653 336 2731 omnino,
352 2657 383 2717 st
397 2653 511 2717 suntin
521 2654 590 2734 ipsa
599 2655 923 2718 excommunicatione
934 2657 1130 2734 pervicaces,

197 2752 305 2831 quales
318 2755 392 2811 sunt
406 2750 459 2830 qui
473 2750 540 2810 sinc
554 2766 691 2812 moerora
705 2769 894 2830 perannum
908 2753 940 2812 in
951 2770 1133 2814 excommu-

194 2845 359 2908 nicationis
373 2863 508 2908 censura
521 2845 741 2922 constiterunt,
757 2848 789 2906 ct
801 2848 971 2924 propteroa
981 2846 1132 2910 dicuntur

195 2941 417 3004 {madescentes
440 2941 471 3002 in
492 2941 798 3003 excommunicatione.
818 2943 884 3018 nst,
896 2959 974 3021 crgo
997 2941 1132 3004 absoluto

193 3039 339 3117 separatio
351 3038 397 3099 rei
407 3037 534 3116 alicujus
547 3035 680 3096 oriminis
694 3056 712 3098 a
726 3054 845 3116 corpore
854 3035 1007 3100 Eeelesioe.
1021 3039 1129 3102 Status

195 3133 373 3196 christiana
387 3132 615 3195 communionis
628 3132 758 3194 tollitur.

233 3229 379 3308 Depositio
392 3232 440 3291 ost
459 3230 572 3310 ejectio
592 3249 649 3291 scu
670 3231 782 3308 positio
805 3229 844 3291 do
863 3229 965 3310 gradu
987 3231 1127 3294 clericuli

195 3324 290 3401 undo,
305 3328 338 3386 ot
349 3323 524 3403 degradatio
537 3344 557 3386 a
569 3325 728 3388 veteribus
742 3325 925 3389 vocabatur.
948 3327 1012 3390 Sed
1032 3328 1127 3391 hodie

193 3420 332 3501 depositio
354 3439 374 3480 a
393 3419 599 3500 degradatione
621 3422 822 3502 distinguitur
840 3428 994 3505 tanquam
1015 3424 1128 3487 distin-

194 3515 302 3594 guitur
314 3513 452 3594 portiolis
465 3532 484 3572 c
498 3515 582 3576 totali
594 3516 706 3595 ejectio
721 3521 753 3579 ot
766 3518 878 3597 positio
898 3519 938 3581 da
959 3522 1043 3582 ststn
1064 3520 1126 3582 cle·
