2442 4125
316 331 354 376 os
374 331 503 380 crancro
522 335 605 382 sums
626 337 783 384 carorum
955 331 1014 391 tlt

122 475 275 536 ceterum
290 475 428 537 Ecclesia
441 476 502 538 hoc
515 480 638 557 peragit
658 486 806 560 tanquam
816 483 916 562 judex
936 485 1013 565 legi·

52 569 169 646 tima,
186 570 217 630 id
231 570 416 633 deducendo
431 577 497 633 tum
511 591 548 634 ex
564 575 641 636 sctis
656 576 727 640 vitae
741 583 775 640 et
787 582 930 660 martyrii
952 585 1015 644 sin-

54 665 239 746 gulorum,
255 671 322 726 tum
337 683 375 728 ex
390 669 487 748 signis
501 672 533 730 et
546 672 696 752 prodigiis
709 674 823 753 quibus
838 678 922 739 Deus
933 679 1014 742 solet

53 780 242 824 servorum
255 779 382 824 suorum
398 766 593 834 sanctitatem
609 770 728 830 testari.

116 859 242 937 Duplici
256 865 359 920 autem
375 860 468 922 modo
482 864 638 924 sententia
651 882 708 944 pro
728 865 855 944 publico
869 867 956 931 cultu
980 868 1012 930 in

56 955 137 1013 hoc
159 954 270 1032 judicii
289 973 405 1034 genere
427 957 558 1034 proferri
582 960 662 1023 solet
682 962 723 1022 ab
747 963 898 1028 Ecclesia.
923 965 1013 1028 Unde

58 1050 274 1111 canonizatio
298 1050 498 1130 distinguitur
512 1054 543 1115 in
568 1051 829 1136 sanctificationem
843 1065 875 1122 et
898 1059 1013 1141 deobfi·

59 1147 231 1208 cottonem.
590 1161 592 1166 '

116 1243 311 1306 Beatiticetio
339 1245 441 1323 potius
469 1247 588 1309 cultum
616 1249 777 1328 publicum
804 1252 955 1330 permittit
981 1262 1013 1317 et

61 1337 242 1417 indulget3
259 1341 451 1403 canonizatio
466 1344 617 1422 praecipit.

114 1435 226 1496 Cultus
241 1435 292 1513 qui
307 1436 495 1515 permittitur
516 1439 759 1516 beatificatione,
785 1448 820 1505 ut
841 1443 1012 1522 plurimum

63 1529 104 1589 in
122 1547 190 1589 una
205 1529 375 1606 provincia,
387 1531 520 1609 civitate,
533 1533 680 1613 religiosa
688 1535 806 1605 familia
816 1541 994 1599 coarctetur
1002 1559 1011 1612 ;

64 1626 103 1685 in
121 1624 359 1687 canonizatione
375 1627 551 1690 extenditur
563 1629 604 1690 ad
624 1630 805 1691 universam
826 1632 1011 1696 Ecclesiam.

113 1720 133 1780 J
138 1718 276 1779 udicium
290 1718 321 1777 in
337 1720 571 1783 canonizatione
586 1722 725 1784 continet
740 1722 881 1786 ultimam
891 1727 924 1787 et
937 1724 1013 1786 iina-

66 1815 140 1878 lem
157 1816 342 1876 sententiem
356 1813 396 1878 de
411 1818 491 1878 servi
505 1818 561 1878 Dei
577 1819 740 1881 sanctitate
756 1841 763 1880 :
786 1837 850 1880 non
873 1821 917 1884 ita
937 1839 1013 1884 vero

67 1912 105 1971 in
122 1910 365 1975 beatificatione.

115 2007 309 2070 Beatificatic
323 2007 426 2090 prouti
442 2025 504 2070 non
523 2007 670 2071 ultimum
684 2012 715 2072 et
735 2009 828 2073 linale
846 2011 1011 2090 judicium.

70 2118 138 2161 nec
152 2119 209 2179 pro
224 2101 367 2163 universa
382 2102 521 2164 Ecclesia
539 2120 640 2181 nsque
661 2101 701 2162 ad
726 2102 877 2163 seculum
900 2121 942 2181 ιι,
967 2106 1011 2167 uti

71 2196 212 2272 videtur,
229 2196 376 2274 pertinuit
391 2198 484 2260 etiam
499 2195 663 2278 episcopis,
689 2197 742 2278 qui
762 2198 813 2258 vel
831 2216 939 2277 perse
961 2201 1010 2261 vel

70 2296 107 2356 in
148 2294 287 2355 conciliis
316 2294 443 2356 adunati
478 2313 549 2356 cum
573 2310 704 2355 assensu
727 2294 818 2373 cleri,
851 2302 882 2358 et
904 2297 1011 2376 populi

71 2386 220 2467 publicos
237 2388 295 2448 bos
314 2388 449 2448 honores
467 2386 689 2447 decernebant.
705 2387 823 2450 Deinde
842 2389 882 2450 ad
902 2406 1012 2451 occur-

72 2482 211 2545 rendum
227 2483 377 2545 abusibus
391 2489 438 2545 est
452 2484 600 2545 Romana
615 2482 699 2543 sedis
710 2482 828 2561 judicio
838 2494 1009 2548 reservate.

118 2577 327 2640 Sanctificatio
351 2578 415 2639 no'n
437 2580 536 2659 potuit
558 2584 739 2658 competere
766 2580 825 2641 nisi
853 2598 1009 2659 supreme

76 2674 254 2735 auctoritati
268 2673 425 2737 Ecclesiae.

118 2770 193 2831 Haec
206 2768 280 2830 setis
294 2769 375 2830 dicta
391 2769 451 2831 sint
465 2769 504 2833 de
526 2770 610 2830 cultu
625 2768 796 2831 christiano
811 2768 1010 2830 considerato

76 2868 109 2928 in
124 2867 190 2927 suis
204 2866 297 2926 variis
311 2864 470 2946 gradibus,
487 2866 660 2929 secundnm
676 2866 833 2945 objectum
854 2863 1009 2927 invisibile

77 2960 127 3021 cui
149 2961 333 3023 relationem
359 2962 442 3036 dicit,
466 2962 551 3041 quod
572 2961 730 3039 obJectum
750 2960 903 3022 invisibile
924 2960 1010 3021 velut

77 3057 214 3118 animam
244 3060 276 3119 et
307 3057 448 3135 spiritum
480 3057 576 3119 donat
610 3057 707 3119 cultui
738 3055 919 3117 christiano.
947 3055 1010 3117 Sed

77 3152 197 3214 habent
227 3152 388 3213 christiani
421 3153 544 3229 obiecta
574 3152 708 3215 visibilia
741 3168 810 3231 qna
843 3149 950 3212 colunt
977 3151 1010 3213 in

78 3246 187 3308 ordine
202 3246 326 3327 semper
338 3248 378 3309 ad
395 3248 551 3326 objectum
565 3247 729 3323 invisibile,
746 3246 796 3307 cui
806 3246 914 3308 dicunt
927 3246 1009 3307 rela-

76 3344 196 3405 tionem
212 3349 241 3405 et
256 3361 313 3422 pro
336 3343 495 3406 relationis
515 3344 700 3423 quantitate.
723 3343 804 3405 Sunt
823 3349 930 3405 autem
950 3342 1005 3405 SS.

76 3440 279 3503 Eucharistiae
295 3446 536 3520 sacramentum,
553 3441 693 3520 reliquie
707 3441 741 3503 et'
751 3441 783 3505 S.
801 3440 966 3522 imagines.
