2442 4125
163 327 222 387 ttb
375 333 604 382 rusrrrnrrorves
624 332 706 377 rums
727 331 882 379 csronrcn

162 486 196 545 in
210 480 415 560 hospitalibus
429 476 648 541 ecclesiasticis
659 475 872 538 etlaicalibus.
885 478 1100 557 hospitalium

163 576 247 639 enim
260 572 417 635 laicalium
437 569 665 631 administratio
680 570 720 630 nb
735 569 773 630 iis
786 569 929 649 personis
942 574 1035 649 gesta
1048 579 1100 635 est

164 690 233 753 quae
247 670 335 733 adid
348 668 497 743 muneris,
514 666 605 745 juxta
627 665 820 727 fundationis
840 665 978 743 tabulas,
1004 675 1099 733 erant

162 772 293 844 vocata,
309 768 433 827 servato
447 764 550 826 solum
563 763 669 843 aliquo
684 763 863 824 interventu
878 767 909 823 et
930 763 1099 842 vigilantia

163 863 348 947 episcopalis
362 860 555 925 auctoritatis
569 860 635 921 eive
650 877 689 919 ex
707 858 850 921 civilibus
867 860 1098 937 imperatorum

125 1022 130 1031 ,
163 957 337 1039 praesertim
349 953 517 1017 iustiniani
536 951 822 1029 constitutionibus,
848 953 912 1014 sive
935 956 1097 1017 canonicis

162 1051 385 1115 sanctionibus.
414 1051 469 1111 Est
495 1049 579 1112 enim
603 1048 768 1127 episcopus
798 1050 972 1128 exequutor
1002 1053 1096 1112 natus

163 1147 304 1208 omnium
316 1146 441 1223 piarum
455 1142 652 1205 voluntatum
666 1158 731 1203 suae
746 1140 902 1218 dioecesis,
925 1147 973 1202 est
986 1143 1096 1203 mode-

161 1246 248 1302 rator
261 1244 353 1303 natus
368 1238 507 1303 exercitii
520 1236 686 1299 charitatis
705 1235 883 1298 christianae
904 1235 937 1297 in
957 1254 1016 1297 sua
1038 1239 1097 1299 Ec-

163 1335 268 1398 alesin.

202 1432 244 1491 At
270 1446 345 1490 vero
373 1427 428 1489 ubi
451 1426 620 1505 hospitalia
646 1428 773 1490 fuerunt
794 1427 1006 1491 ecclesiastica
1028 1431 1096 1493 sive

163 1529 237 1608 quia
251 1529 341 1588 eraut
355 1523 565 1587 derivationes
579 1523 694 1602 peculii
709 1523 922 1601 ecclesiastici,
939 1525 1005 1587 sive
1021 1529 1097 1607 qnia

163 1624 373 1687 ecclesiastica
387 1621 572 1686 auctoritate
582 1620 714 1683 fundata
723 1620 850 1699 speciali
861 1622 1096 1701 quodammodo

163 1722 272 1782 habita
298 1721 381 1795 sunt,
410 1723 563 1797 tanquam
585 1716 797 1778 ecclesiastiea
815 1717 959 1781 instituta
982 1723 1015 1782 et
1035 1723 1096 1783 suh

163 1816 381 1894 episcoporum
409 1812 657 1875 diaeoesanorum
691 1812 962 1875 administratione
991 1817 1096 1895 posita

163 1913 245 1973 sunt.
262 1911 308 1971 hta
315 1926 391 1970 vero
401 1907 498 1969 iuncti
509 1910 583 1969 sunt
590 1907 711 1970 idoneis
722 1909 897 1988 praepositis
905 1911 1093 1989 rectoribus,

165 2006 218 2088 qui
239 2005 335 2068 totius
358 2002 637 2068 administrationis
661 2020 770 2066 euram
789 2010 952 2085 gererent,
976 2008 1031 2088 qui
1054 2008 1095 2071 de

162 2103 282 2183 grando
297 2101 510 2181 capitulorum
527 2104 583 2162 aut
600 2100 862 2163 monasteriorum
883 2102 1093 2182 eligebantur,

163 2197 331 2279 siquando
356 2197 521 2277 hospitale,
548 2198 583 2257 ut
601 2195 699 2257 moris
723 2202 800 2273 eret,
823 2215 922 2278 prope
945 2200 1096 2263 ecclesias

163 2294 214 2356 vel
228 2293 425 2355 cathedrales
440 2294 495 2354 aut
508 2292 730 2352 conventuales
744 2296 813 2355 erat
826 2297 1014 2356 extructum.

204 2390 268 2448 Nec
281 2388 380 2447 semel
393 2387 512 2448 factum
526 2388 573 2447 eet
586 2390 621 2449 ut
635 2387 832 2466 apprehensa
845 2389 960 2468 peculii
973 2396 1096 2470 tempo-

164 2483 249 2559 ralis,
265 2481 447 2542 reddituum
460 2482 681 2560 temporalium
696 2483 922 2548 administratio
942 2489 1095 2566 tanquam

164 2577 239 2659 quid
255 2595 431 2640 connexum
446 2594 518 2638 eum
528 2576 681 2656 spirituali
692 2579 907 2643 moderatione
918 2581 1091 2659 hospitalis,

164 2694 202 2737 ex
218 2676 352 2752 utroque
370 2673 540 2734 conflatum
563 2672 603 2734 sit
624 2690 722 2733 unum
744 2673 884 2736 officium
906 2675 1095 2740 ecclesiasti-

164 2789 246 2847 cum,
264 2788 320 2831 eeu
335 2769 501 2847 hospitalia
515 2771 621 2830 erecta
641 2769 702 2830 sint
722 2769 808 2833 velut
825 2770 990 2850 beneficia,
1015 2790 1096 2852 quo·

163 2884 234 2926 rum
248 2865 338 2927 titulo
353 2863 459 2924 elerici
473 2863 704 2926 ordinarentur.

204 2960 294 3034 Quod
309 2979 383 3022 vero
397 2959 533 3040 pertinet
546 2959 587 3021 ad
600 2959 766 3022 interiores
780 2960 981 3040 hospitalium
995 2962 1094 3024 admi·

163 3059 289 3136 nistros,
306 3055 350 3116 illi
365 3055 540 3136 prasertim
552 3055 635 3117 inter
649 3073 703 3116 eos
722 3056 774 3135 qui
796 3075 878 3118 curae
897 3057 1095 3121 infirmorum

164 3153 413 3230 destinabantur,
433 3151 524 3232 juxta
543 3150 690 3212 Ecclesia
704 3151 919 3228 intentionem,
937 3153 1095 3216 debebant

165 3265 233 3308 esse
248 3247 386 3308 clericali
398 3251 529 3310 tonsura
541 3245 692 3326 insigniti,
709 3249 740 3308 et
754 3263 847 3325 agere
862 3247 1022 3310 debebant
1044 3267 1095 3309 re-

163 3341 308 3421 gularem
320 3342 419 3404 vitam
432 3341 684 3419 ecclesiasticam,
701 3340 785 3402 nude
803 3341 921 3406 factum
939 3347 986 3406 est
1009 3345 1096 3423 quod

80 3481 91 3500 .
162 3439 195 3498 in
210 3436 317 3497 multis
331 3436 535 3515 hospitalibus
552 3437 731 3502 introducta
753 3438 794 3499 sit
815 3439 960 3519 quadam
983 3441 1095 3521 regula

164 3530 317 3592 adinstar
329 3531 877 3612 monachorum,postx11saeculum
897 3554 946 3597 ex.
969 3553 1019 3614 gr.
1041 3554 1096 3598 or-
