2442 4125
202 364 259 423 itt
412 372 642 420 msrrrouoxns
661 372 744 419 rums
767 370 923 419 canorum.

201 524 350 585 lationem
364 518 642 600 adjuramentum,
659 522 695 581 ut
709 519 790 581 sicut
803 518 946 579 lloolesia
966 527 1018 580 est
1036 537 1139 581 sacra-

201 622 380 680 mentorum
397 616 519 694 praxim
541 615 731 694 gubernare,
752 615 797 677 ita
816 618 847 677 ct
866 615 942 676 huic
962 618 1140 678 contractui

225 730 349 775 racesse.

202 733 223 793 p
242 807 297 867 His
311 802 472 885 principiis
484 800 603 877 innixa,
621 798 762 861 Ecclesia
776 800 816 860 de
829 817 864 860 re
878 818 938 860 sua
960 819 1034 863 esse
1054 806 1140 880 puta-

202 900 258 976 vit,
275 903 310 961 ut
323 897 570 961 Christianorum
590 893 793 955 matrimonia
815 894 1054 973 moderaretur,
1078 897 1140 977 jam
1219 906 1220 913 ’

202 996 276 1057 hinc
290 994 331 1055 ab
345 1012 382 1055 eo
396 996 550 1071 tempore,
566 983 694 1069 quando
710 990 769 1051 sub
784 991 1019 1070 pemccutionis
1038 994 1138 1072 gladio

204 1088 431 1166 afflictabatur,
456 1088 602 1148 muniens
627 1086 779 1147 canonica
801 1085 966 1147 sanctione
989 1086 1099 1167 leges,
1118 1089 1140 1148 si

204 1182 330 1264 quando
348 1184 448 1245 civilis
467 1183 588 1245 sanctio
608 1181 670 1243 illis
690 1199 753 1242 non
774 1181 1055 1259 suppeditabatur.
1083 1183 1140 1246 Sed

203 1285 370 1360 postquam
384 1279 443 1359 ipsi
457 1279 616 1357 principes
634 1276 741 1338 saculi
761 1276 936 1337 Ecclesiam
955 1278 1059 1340 veluti
1080 1297 1141 1339 ma-

203 1383 285 1437 trem
297 1393 388 1437 snam
403 1375 622 1452 suspexerunt,
640 1376 671 1435 et
684 1372 736 1433 lex
749 1372 820 1452 ipsa
833 1372 933 1434 civilis
944 1372 1032 1452 juris
1052 1393 1141 1437 cano

204 1472 264 1535 nici
288 1470 449 1552 principiis
471 1469 596 1531 imbuta
619 1474 684 1545 est,
709 1469 829 1549 absque
852 1472 1091 1548 controversia,
1116 1476 1142 1531 et

203 1568 278 1647 ipsis
293 1567 471 1630 faventibus
489 1564 696 1645 principibus,
717 1563 867 1626 latissime
888 1564 920 1625 in
939 1564 1028 1627 hanc
1046 1573 1142 1629 matc—

204 1666 295 1742 riam,
308 1664 561 1744 jurisdictionem
574 1678 665 1722 suam
679 1660 831 1722 exercuit.

115 1802 118 1808 ·
165 1819 169 1825 ,
243 1763 285 1822 nt
298 1777 374 1821 vero
393 1758 508 1820 saeculo
528 1760 623 1820 xvc.
643 1763 811 1820 novatores
830 1765 994 1836 caeperunt
1013 1778 1143 1823 movere

203 1858 322 1919 bellum
342 1856 416 1917 huic
436 1854 583 1917 Ecclesiae
604 1856 795 1933 auctoritati,
818 1856 953 1918 dicendo
975 1861 1142 1921 matrimo-

203 1952 291 2013 nium
305 1970 368 2015 non
382 1970 449 2013 esse
465 1954 709 2028 sacramentum,
726 1958 895 2033 propterea
908 1954 992 2015 siout
1007 1959 1143 2017 caeteros

203 2053 382 2114 contractus
396 2048 490 2112 subdi
504 2048 711 2112 moderamini
727 2049 837 2128 civilis,
850 2067 905 2112 seu
915 2050 1056 2130 politicas
1071 2071 1145 2114 auc·

203 2148 350 2210 toritatis.

242 2244 415 2305 Concilium
427 2243 513 2305 'lrid
530 2259 608 2304 sessa
625 2243 736 2306 XXIV.
753 2241 791 2303 de
808 2243 1016 2307 Sacramento
1033 2247 1144 2308 matri-

203 2339 325 2398 monii:

243 2433 318 2493 Can.
337 2435 378 2493 1⁰.
391 2433 425 2494 Si
439 2434 508 2511 quis
523 2433 637 2495 dixerit
649 2434 882 2496 Matrimonium
897 2453 961 2497 non
977 2456 1049 2498 esse
1064 2457 1141 2501 vere

203 2530 234 2588 et
252 2528 379 2607 proprie
397 2546 496 2588 unum
518 2548 558 2590 ex
580 2535 702 2608 septem
719 2529 797 2609 legis
817 2531 1009 2611 evangelicae
1027 2535 1143 2595 Sacra-

203 2627 356 2699 mentum,
372 2622 527 2684 atlhristo
545 2623 679 2686 Domino
698 2623 875 2686 institutum
879 2669 942 2687 .....
966 2628 1142 2690 anathema

202 2716 253 2778 sit.

240 2815 315 2876 Gan.
331 2817 364 2876 3⁰
379 2813 412 2875 Si
426 2813 496 2893 quis
511 2813 625 2876 dixerit
639 2830 693 2874 eos
707 2815 831 2875 tantum
850 2816 1141 2896 consanguinitatis

202 2916 233 2975 et
259 2911 420 2975 affinitatis
446 2909 576 2989 gradun,
602 2909 717 2988 quiin
739 2909 876 2972 Levitico
901 2910 1138 2988 exprimuntur,

199 3027 292 3090 posse
305 3009 459 3088 impedire
473 3005 708 3067 matrimonium
724 3007 987 3083 contrahendum,
1010 3012 1043 3069 et
1062 3007 1142 3068 diri-

199 3123 285 3165 mere
306 3106 513 3179 contractum,
536 3119 593 3163 nec
616 3118 707 3178 posse
727 3101 901 3163 Ecclesiam
920 3102 954 3162 in
975 3103 1141 3163 nonnullis

198 3217 309 3260 eornm
323 3200 515 3277 dispensare,
528 3201 583 3260 aut
592 3197 782 3258 constituere
793 3201 827 3260 ut
842 3198 949 3278 plures
959 3198 1142 3276 impediant

199 3299 232 3357 et
246 3295 405 3371 dirimant,
421 3295 590 3356 anathema
604 3295 655 3356 sit.

239 3393 313 3452 Gan.
329 3394 374 3451 4⁰.
390 3390 422 3452 Si
438 3390 507 3470 quis
521 3390 634 3452 dixerit
647 3387 788 3452 Ecclesia
803 3408 866 3450 non
881 3389 1021 3467 potuisse
1041 3408 1139 3451 oons-

197 3487 310 3548 tituere
326 3486 552 3566 impedimenta
569 3484 805 3546 matrimonium
823 3485 1015 3562 dirimentia,
1032 3487 1083 3548 vel
1100 3487 1139 3546 in

198 3580 422 3642 constituendis
437 3595 569 3656 errasse,
584 3580 754 3640 anathema
767 3581 817 3644 sit.
