2442 4125
184 305 243 368 m
395 317 626 366 rusrrrorrorrs
645 315 730 365 rums
752 314 904 364 ennonrcr.

184 467 258 527 lieet
271 461 451 538 sabbatum,
467 480 521 523 seu
537 459 623 522 ferire
638 461 784 539 sequenti
802 459 1003 539 respondeat
1026 461 1126 522 littera
1190 490 1193 576 p

185 577 255 640 qua
274 559 360 636 prius
380 556 591 636 respondebat
608 555 695 616 feriae
715 555 923 618 antecedenti.
952 557 1129 634 Propterea
1192 579 1193 598 ÷

183 655 289 717 littera
309 656 345 729 G,
362 672 424 716 non
448 652 628 730 designabit
645 651 781 729 amplius
800 650 976 712 sabbatum
998 651 1061 712 sed
1081 651 1130 710 do-

184 749 343 825 minicam,
355 767 411 810 seu
421 748 526 810 littera
539 747 735 808 dominicalis
750 746 924 808 mutabitur
936 747 977 804 in
993 745 1130 808 litteram

118 912 122 919 ,
183 844 365 906 immediate
378 843 620 905 antecedentem
629 861 665 903 ac
679 843 705 902 si
716 859 816 904 novus
824 841 1131 919 annusineoepisset
1199 881 1200 901 2

183 955 204 998 a
217 937 356 997 secunda
370 941 458 1014 parte
471 936 652 996 bis-sextilis
668 937 752 996 anni.
770 935 847 994 lnde
861 935 898 994 fit
913 934 1012 1012 quod
1034 952 1131 996 annus
1178 1001 1181 1012 ‚
1198 927 1200 974 ἶ

184 1032 236 1092 ille
259 1031 389 1092 habebit
419 1031 498 1092 duas
523 1032 643 1094 litteras
671 1030 877 1092 dominicales
910 1032 939 1090 A
974 1033 1017 1092 G.
1046 1030 1131 1092 Unde

185 1143 286 1186 annus
299 1143 435 1204 sequens
448 1145 512 1188 non
526 1126 641 1205 poterit
655 1126 774 1186 habere
787 1125 930 1186 litteram
947 1125 1131 1188 dominica·
1200 1121 1201 1125 ’

183 1219 248 1280 lem
262 1221 297 1281 G.
314 1239 416 1298 quam·
424 1222 586 1282 habuisset
598 1221 624 1280 si
643 1239 743 1280 annus
758 1222 840 1286 1860
855 1220 973 1282 fuisset
989 1239 1132 1282 commu-

185 1314 232 1374 nis
247 1315 298 1393 (ea
318 1317 403 1375 enim
423 1323 586 1396 assumpta
606 1319 653 1378 est
676 1316 716 1376 ab
740 1333 824 1376 anno
848 1316 1055 1396 bis-sextili),
1080 1315 1129 1376 sed

186 1410 314 1472 habebit
327 1410 464 1472 litteram
482 1410 703 1475 dominicalem
723 1411 907 1472 immediate
933 1412 1130 1473 anteceden-

185 1515 249 1569 tem
262 1510 298 1585 Il,
314 1508 403 1572 etita
417 1526 523 1587 porro.

224 1606 333 1666 XXlll.
351 1607 419 1665 Non
433 1608 540 1667 tamen
554 1603 730 1682 putandum
745 1603 892 1682 estquod
913 1604 1000 1666 ordo
1024 1621 1129 1665 sucee-

185 1700 326 1760 dentium
345 1691 545 1776 litterarum
561 1703 596 1762 et,
614 1700 728 1761 eodem
748 1699 859 1759 ordine
874 1700 1087 1764 redeuntium
1099 1705 1125 1759 et

184 1794 426 1854 coincidentium
438 1794 549 1854 iisdem
564 1794 649 1856 feriis
663 1798 734 1877 post
745 1795 873 1873 aliquod
883 1799 1059 1876 temporis,
1075 1813 1124 1856 seu

183 1907 338 1950 annorum
364 1889 501 1967 spatium
527 1890 719 1968 impediatur
748 1890 887 1952 omnino.
919 1892 1121 1954 Perturbatio

183 1982 267 2044 enim
294 1981 412 2043 ordinis
439 2000 509 2062 quae
543 1983 680 2044 occurrit
702 1983 792 2044 aunis
815 1984 1056 2046 bis-sextilibus
1081 1985 1123 2044 est

183 2074 331 2153 quaedam
345 2076 539 2153 perturbatio
554 2079 713 2151 constans,
735 2076 882 2136 accidens
898 2076 1039 2155 singulis
1054 2092 1120 2155 qua-

182 2176 255 2230 tuor
268 2172 370 2247 annis‚
387 2173 432 2233 ita
445 2176 480 2233 ut
493 2169 688 2249 perturbatio
710 2174 840 2232 causata
860 2189 880 2231 a
903 2172 1044 2250 singuiis
1064 2171 1121 2231 bis-

183 2265 278 2325 sextis
292 2268 481 2343 aeqnivaleat
493 2266 721 2347 perturbationi
737 2266 1046 2329 duorumannorum
1055 2282 1118 2327 suc-

182 2359 383 2419 eessivorum.
401 2363 490 2423 Sicut
504 2380 579 2442 ergo
594 2368 724 2440 septena
738 2362 902 2424 uniformis
917 2368 950 2425 et
959 2361 1118 2441 ordinaria

182 2452 376 2529 perturbatio
391 2459 424 2515 et
436 2457 624 2537 interruptio
640 2477 710 2537 quae
727 2462 878 2528 vcausatur
891 2461 999 2523 ordini
1017 2477 1116 2523 succe

182 2546 323 2608 dentium
337 2542 513 2613 litterarum
527 2554 724 2615 successione
734 2558 856 2632 septem
867 2574 1032 2618 annornm
1041 2570 1112 2617 com·

101 2704 104 2708 .
181 2644 325 2706 munium
339 2648 462 2709 reducit
476 2648 619 2710 ordinem
632 2650 664 2709 in
678 2650 856 2729 pristinum,
880 2652 924 2711 ita
940 2656 971 2713 et
987 2656 1114 2733 septena

182 2742 431 2804 extraordinaria
444 2743 584 2823 quidem,
601 2745 656 2805 sed
676 2746 839 2807 uniformis
858 2748 1070 2825 perturbatio,
1087 2748 1115 2805 et

181 2838 367 2917 interruptio
383 2858 452 2919 quae
467 2844 616 2902 causetur
629 2843 719 2903 annis
733 2842 967 2921 bis-sextilium,
993 2848 1112 2925 septem

181 2933 405 2996 bis-sertorum
419 2936 521 2999 reditu
535 2942 769 3015 compensatur.

220 3029 373 3093 Videlicet
391 3033 472 3094 aaut
489 3035 609 3111 septem
633 3035 706 3093 anni
728 3052 911 3097 communes
937 3037 1114 3101 successive
1199 3101 1200 3125 χ

179 3131 397 3202 percurrentes
424 3127 563 3206 singulas
600 3134 722 3207 septem
759 3129 880 3191 litteras
909 3131 1111 3195 dominicales

79 3221 81 3225 “
180 3215 289 3279 ordine
303 3220 426 3281 inverso
441 3221 644 3282 exhaurirent
657 3222 871 3300 septenarium
891 3223 1063 3304 integrum,
1084 3229 1113 3283 et

180 3310 319 3375 facerent
332 3318 368 3374 ut
380 3320 510 3377 octaws
525 3335 626 3377 annus
641 3319 745 3378 redire
765 3317 896 3382 deberet
916 3320 956 3381 ad
972 3338 1047 3383 eam
1067 3320 1108 3381 lit·

180 3407 281 3464 terem
296 3403 515 3468 dominicalem
529 3410 613 3470 unde
628 3411 748 3488 primus
768 3413 856 3473 duxit
877 3413 1055 3491 exordium,
1069 3416 1109 3475 ita

180 3498 212 3553 et
224 3494 298 3551 anni
311 3496 490 3559 bis-sextilis
510 3504 715 3567 absorbentes
729 3507 843 3585 singuli
865 3526 959 3570 unam
972 3509 1105 3571 litteram

1193 612 1196 678 l
