2442 4125
185 313 204 371 t
394 324 624 370 rusrrrurrouns
647 324 730 369 runis
752 325 908 372 ιιιιοιιιιι.

187 470 232 530 uti
246 434 324 529 tides
339 467 442 543 docet,
457 466 560 547 gretia
573 465 629 526 Dei
649 470 707 542 est,
725 484 792 547 que
810 465 992 546 diffunditur
1010 467 1041 527 in
1059 486 1123 529 cor·

187 557 441 622 dilacereris...
460 560 558 618 Nemo
573 562 680 619 tamen
693 559 767 620 inde
782 561 891 621 credat
910 577 968 619 nes
989 560 1048 621 sub
1063 560 1124 621 hoc

189 655 279 718 titulo
294 670 400 713 rerum
413 652 624 731 spiritualium
638 657 764 715 acturos
778 673 846 716 esse
861 655 900 715 de
915 654 1126 716 invisibilibus

189 749 298 830 gratiae
314 747 369 808 Dei
384 748 485 821 denis,
501 746 658 825 siquidem
671 766 735 808 non
749 750 937 810 invisibilem
952 749 1003 809 hic
1017 750 1125 811 Eccle-

189 845 243 905 siae
263 849 379 905 statum
397 842 594 921 inquirimus.
613 845 682 903 Non
701 842 825 922 agimus
843 845 882 904 de
901 843 1050 905 invisibili
1068 844 1125 905 Dei

189 938 377 1002 commercio
393 956 465 997 cum
479 937 643 998 hominum
657 937 829 1017 spiritibus,
841 940 898 1000 scd
908 942 1072 1000 externam
1085 956 1125 999 ac

189 1034 344 1097 visibilem
363 1032 511 1094 Ecclesiae
529 1035 739 1095 oeconomiam
759 1035 1004 1096 consideramus.
1025 1036 1125 1096 Porro

189 1131 330 1195 Christus
345 1130 451 1190 media
460 1148 613 1210 corporea
623 1138 655 1193 et
668 1133 803 1193 visibilia
812 1134 853 1193 ad
867 1132 1040 1193 invisibiles
1053 1149 1125 1210 gra-

189 1227 241 1289 tia
257 1226 456 1303 operationes
465 1227 687 1306 producendas
697 1228 865 1289 ordinavit.
877 1227 1030 1303 Ecclesia,
1042 1226 1126 1287 hanc

190 1321 329 1381 divinam
344 1320 571 1382 institutionem
586 1322 718 1400 imitata,
731 1327 763 1385 et
776 1323 845 1403 ipsa
858 1324 950 1403 plura
960 1323 1023 1383 alia
1037 1320 1126 1383 addi·

190 1420 235 1481 dit
255 1435 408 1496 corporea
422 1424 453 1478 et
476 1419 609 1481 visibilia
629 1455 669 1466 —
690 1439 760 1500 quae
782 1422 828 1482 adv
845 1420 974 1481 humani
996 1418 1126 1497 spiritus

190 1513 471 1589 sanctificationem
486 1515 652 1579 ordinavit.
670 1519 760 1581 Unde
778 1518 836 1579 sub
856 1517 916 1578 hoc
935 1516 1025 1579 titulo
1040 1532 1126 1577 cem-

188 1608 414 1690 prehendimus
436 1609 542 1670 omnia
562 1612 669 1671 media
689 1630 843 1691 corperea
865 1609 1060 1690 visibiliaque
1084 1609 1125 1670 ed

188 1706 288 1769 vitam
301 1703 496 1811 spiritualem
517 1705 672 1769 ordinata.
689 1708 738 1769 Ad
760 1709 877 1787 duplex
896 1712 1003 1769 autem
1023 1723 1125 1787 genus

189 1799 332 1863 revocari
347 1804 497 1878 pessunt:
514 1801 577 1861 alia
595 1802 681 1862 enim
694 1802 798 1863 media
812 1804 909 1865 vitam
929 1801 1125 1883 spiritualem

190 1900 322 1983 eperant
323 1915 376 1977 ur,
401 1897 595 1976 producunt,
622 1898 748 2007 etque
740 1918 772 1959 ιιι
773 1898 928 1974 ft3undun
959 1897 1022 1959 alia
1048 1913 1123 1958 vero

189 2013 258 2057 eam
274 2001 429 2056 exercent.
443 1995 554 2068 Quare
560 1994 612 2056 hic
626 1995 745 2074 primus
759 1995 870 2058 titulus
884 1994 1044 2075 duplicem
1059 2008 1125 2053 am·

188 2092 295 2173 plecti
271 2111 334 2153 ιιιι
348 2091 610 2170 dissertationem,
628 2110 762 2173 quarum
781 2091 867 2171 prior
889 2091 948 2152 erit
966 2089 1006 2150 de
1028 2089 1125 2149 rebus

187 2208 257 2270 quae
277 2191 318 2250 ad
337 2190 433 2252 vitam
452 2190 647 2269 spiritualem
665 2188 904 2269 producendam
923 2186 1122 2248 ordinantur

192 2285 350 2346 Posterior
364 2285 432 2345 ιε’·
413 2304 450 2346 ns
466 2304 535 2366 que
550 2304 606 2366 pro
622 2286 695 2349 vitae
706 2284 883 2348 christianae
894 2281 1042 2346 exercitio
1052 2299 1125 2420 pro·

191 2385 360 2461 ponuntur.

482 2557 701 2616 DlSSEllTATIO
720 2560 839 2618 PRlMA·

219 2711 253 2755 o!
271 2714 354 2754 REBUS
373 2713 432 2760 ΟΠΞ.
450 2714 484 2754 ΑΒ
504 2715 585 2755 vitent
608 2715 783 2756 emmenum
804 2709 998 2757 PRODUCENDM
1017 2713 1098 2755 onm-

596 2803 715 2843 rtnnmlt.

233 2957 270 3018 ll.
296 2954 436 3017 Christus
460 2954 610 3016 Dominus
633 2972 816 3017 reversurus
837 2956 878 3016 ad
899 2957 1036 3031 Patrem,
1063 2953 1126 3016 hoc

192 3051 390 3130 relinquebat
407 3051 591 3112 mandatum
610 3051 759 3131 apostolis
772 3051 848 3128 suis,
871 3068 950 3130 quos
964 3049 1126 3112 ministres

192 3147 232 3212 ad
270 3147 404 3208 salutem
437 3147 579 3226 gentium
612 3148 845 3228 procurandam
878 3147 1082 3208 ordinaverat
1117 3165 1123 3208 :

197 3269 212 3305 ιι
225 3245 341 3306 Euolet
349 3243 511 3324 predicate
524 3244 705 3326 evanqelium
718 3245 798 3306 omni
813 3252 981 3321 erectam
998 3230 1053 3323 qr'u'
1064 3261 1128 3304 cre·

192 3341 300 3404 diderit
313 3350 339 3402 et
354 3339 519 3420 baptizatus
533 3340 634 3421 fuerit,
650 3342 697 3403 dic
710 3342 809 3403 saluus
822 3342 878 3404 erit
885 3359 899 3417 ,·
916 3342 968 3422 qui
983 3357 1052 3401 vero
1065 3358 1128 3400 noa

191 3437 358 3515 crediderit,
373 3437 619 3499 condemnabitur.
635 3459 650 3496 u
669 3439 766 3516 Marc,
782 3455 847 3515 xv1,
864 3442 913 3501 15.
932 3437 1020 3501 Unde
1035 3436 1128 3498 colli·

192 3533 294 3615 gimus
317 3533 449 3615 duplicis
472 3533 596 3614 generis
616 3534 723 3596 media
741 3535 782 3596 ad
802 3523 936 3598 salutem
959 3532 1127 3595 bominum

1205 1855 1207 2036 l

1204 2120 1206 2259 ι
