2442 4125
309 298 348 343 us
368 296 498 343 ousscuo
517 298 601 343 suun
622 298 778 345 aaronica
952 290 1009 349 159

60 440 339 514 corbahandnm
360 444 393 501 2⁰
414 439 447 501 in
469 439 578 505 ordine
599 440 642 503 ad
662 440 824 503 vinculum
849 445 1009 506 matrimo-

62 538 158 599 niale
172 540 381 600 contractum.

272 670 301 713 Ᾰ.
315 680 344 713 n!
358 678 458 713 ΙΙΙΕΙΜ
473 680 618 714 nullom
633 678 811 714 confusura.

111 767 285 847 Disciplina
305 766 451 829 bcclasiae
466 768 526 829 suh
545 768 605 830 hoo
625 768 716 831 titulo
737 767 864 847 respicit
884 769 1011 847 potissi-

64 883 163 927 mum
178 865 240 926 duo
255 864 398 945 objecta:

113 964 148 1021 10
163 960 329 1039 sponsalia
342 979 412 1040 quae
427 960 529 1022 solent
542 961 742 1023 matrimonio
758 960 923 1040 premitti3

113 1060 148 1117 2⁰
163 1057 392 1134 Inpedimenta
406 1074 477 1137 quae
490 1056 692 1119 matrimonio
706 1062 780 1118 sunt
792 1057 947 1137 apposita.

432 1188 453 1232 1.
465 1188 497 1231 Ds
509 1188 654 1245 sponsalibus.
811 1252 814 1259 ,

114 1270 261 1333 Breviter
274 1271 325 1333 hic
339 1288 453 1351 agam:
472 1275 503 1332 l⁰
515 1273 560 1331 Da
575 1270 696 1351 origine
712 1277 744 1333 et
756 1274 870 1334 natura
883 1290 1011 1352 sponsa·

67 1366 170 1441 lium,
195 1369 227 1425 2⁰
251 1364 290 1425 de
313 1365 351 1425 iis
375 1364 429 1445 qui
453 1365 611 1444 sponsalia
634 1373 767 1447 possunt
793 1368 890 1447 inire,
915 1372 948 1431 30
972 1368 1010 1431 de

72 1460 272 1541 sponsalium
285 1461 459 1523 effectibus.

330 1596 355 1636 ιο
366 1592 400 1635 be
410 1592 497 1649 criptae
505 1596 527 1637 et
535 1597 619 1639 saura
628 1594 773 1651 massaliam.

117 1690 212 1752 XVII.
230 1688 401 1751 Prudentia
414 1690 628 1769 gerendorum
642 1690 733 1753 facile
747 1690 846 1755 suasit
855 1708 895 1753 ne
905 1694 1012 1753 matri-

74 1787 232 1864 monium,
248 1791 280 1850 et
301 1788 402 1849 omnis
421 1789 494 1850 vitae
516 1789 710 1851 consortium
732 1790 859 1853 fortuito
877 1790 1009 1872 judicio,

74 1884 130 1946 val
150 1883 269 1945 effraeni
289 1883 443 1963 passionis
462 1883 582 1963 impetu
606 1885 856 1947 contraheretur.
880 1886 1011 1947 Difficile

76 1980 163 2042 enim
186 1982 234 2042 est
252 1983 286 2050 ut
302 1980 387 2042 banc
409 1984 604 2059 peragantur
627 1980 723 2055 exitu,
740 1999 810 2059 quae
832 1981 915 2043 malo
939 1987 1014 2044 sunt

75 2077 229 2138 inchoata
241 2074 407 2155 principio.
420 2076 509 2156 (Gan.
526 2075 724 2154 Principatus
738 2093 766 2137 c.
784 2079 812 2153 l,
829 2095 860 2156 q.
878 2076 921 2154 l.)
933 2077 1013 2138 Hinc

75 2190 117 2232 ex
125 2169 268 2250 gentium
281 2170 422 2230 omnium
432 2187 531 2246 more,
543 2169 625 2230 alter
634 2170 812 2230 contractus
822 2169 863 2229 de
872 2167 1011 2232 ineundo

77 2266 297 2338 matrimonio,
320 2265 514 2328 matrimonii
539 2267 737 2328 contractum
757 2266 936 2344 precessit,
959 2267 1013 2346 qui

76 2383 118 2424 cx
131 2380 196 2424 una
209 2364 299 2440 parte
312 2362 354 2423 ad
369 2361 605 2424 matrimonium
623 2361 790 2442 obligaret,
807 2380 846 2424 ex
860 2363 924 2426 alia
936 2381 1012 2425 vero

78 2459 272 2522 matrimonii
298 2459 459 2521 vinculum
491 2475 556 2521 uon
583 2459 789 2538 producerat3
820 2467 852 2522 et
879 2460 1012 2540 proinde

77 2556 184 2618 locum
206 2555 297 2617 daret
309 2558 344 2618 ut
356 2554 593 2618 matrimonium
614 2555 805 2617 contrectari
824 2560 955 2634 possent
965 2555 1014 2616 in-

77 2651 180 2712 vicem
200 2651 336 2729 experiri
356 2668 471 2727 nores,
488 2656 523 2711 ut
543 2650 656 2730 majori
680 2651 848 2712 securitate
871 2656 903 2713 et
920 2668 1013 2728 expe·

76 2745 193 2806 rientia
206 2748 358 2824 perpetuo
372 2744 567 2807 matrimonii
580 2743 706 2806 vinculo
723 2744 897 2804 unirentur.

117 2840 308 2921 Hujmmodi
328 2841 482 2920 praevium
503 2844 701 2903 contractum
720 2839 853 2902 Romani
871 2837 1014 2899 solebant

76 2935 159 2996 inire
178 2952 236 3013 per
253 2928 499 3014 stipulationem.
517 2937 575 3009 Qui
599 2937 684 2998 anim
707 2954 839 2998 uxorem
862 2934 1013 2998 ducturus

78 3035 159 3107 erat,
177 3031 225 3110 (ut
237 3031 283 3093 ait
296 3033 425 3112 Sergius
445 3033 596 3111 Sulpitius
618 3031 703 3110 apud
725 3030 870 3105 Gallum,
887 3030 940 3092 lib.
958 3033 1011 3108 IV,

77 3128 229 3190 Noctium
250 3129 417 3190 &boarum
436 3129 596 3207 c.1v,)ab
616 3146 653 3191 eo
669 3127 752 3188 unde
767 3127 913 3189 ducenda
933 3135 1012 3206 erat,
1055 3154 1058 3159 ·

77 3219 291 3301 stipulabatur
314 3237 386 3280 eam
407 3219 441 3280 in
463 3218 701 3280 matrimonium
729 3215 855 3277 ductam
879 3216 934 3292 iri;
961 3218 1014 3297 qui

77 3316 213 3379 daturus
239 3319 324 3390 arat,
349 3314 468 3376 ibidem
496 3312 674 3393 spondebat
701 3311 865 3386 daturum3
890 3312 917 3372 is
940 3329 1016 3373 con-

77 3415 200 3474 tractus
212 3411 453 3490 stipulationum
467 3409 734 3491 sponsionumque
749 3408 1015 3486 dicabaturspon-

79 3510 177 3575 saliae.
