2442 4125
310 322 350 369 on
370 325 501 371 cursuro
521 325 605 371 runis
627 324 783 372 cruorum.
956 318 1012 376 115

120 474 197 533 Can.
215 474 277 531 12⁰.
294 469 347 548 (Ut
361 473 492 532 caeteros
511 471 653 532 omittam
669 472 722 551 qui
737 472 777 532 ad
792 472 944 551 speciales
962 490 1015 535 ca-

74 582 134 624 sus
147 560 338 640 referuntur)
356 579 363 619 :
381 561 415 622 Si
428 562 498 642 quis
512 562 626 625 dixerit
639 582 751 625 causas
766 566 1015 628 matrimoniales

74 676 144 720 non
158 659 302 736 spectare
317 657 358 717 ad
375 656 499 737 judices
519 658 759 737 ecclesiasticos,
776 662 947 723 anathema
961 664 1011 726 sit.

121 753 273 816 Subtilius
287 771 362 815 vero
376 772 544 833 aggressus
559 756 600 816 M.
625 758 779 817 Antonius
799 757 838 819 de
860 760 1012 837 Dominis,

75 851 196 912 saeculo
217 858 315 924 xv11⁰,
338 850 478 929 archiep.
495 851 708 929 spalatenses,
725 858 756 913 et
769 853 842 913 dein
858 858 1012 934 apostata,

76 945 192 1006 dixit:
217 946 293 1005 11111
320 946 547 1007 sacramentale
571 965 634 1008 non
658 948 820 1009 destruere
841 968 911 1010 1111
943 968 1001 1012 oon

76 1045 213 1115 tractus,
240 1043 271 1099 et
291 1038 434 1117 proinde,
450 1039 524 1101 licet
543 1040 691 1102 Ecclesiae
712 1040 872 1121 subjectus
886 1043 927 1104 sit
940 1060 1003 1123 qua

77 1139 176 1195 tenus
189 1134 268 1193 ritus
276 1135 523 1212 sacramentalis,
537 1153 599 1196 non
616 1142 723 1197 antem
737 1142 892 1217 quatenus
905 1137 1015 1201 vinou-

77 1231 151 1290 lum
165 1236 344 1291 contractus
358 1235 390 1292 et
403 1248 586 1293 consensus.

122 1326 283 1387 Leunoius
297 1331 332 1387 ut
345 1331 550 1404 componeret
563 1327 741 1389 doctrinam
755 1330 928 1392 Tridentini
944 1348 1017 1392 cum

79 1428 139 1487 illa
153 1425 192 1485 de
210 1425 361 1499 Dominis,
385 1425 463 1488 dixit
483 1426 609 1487 nomine
630 1428 777 1490 Ecclesiae
798 1429 1016 1491 'l'ridentinum

79 1523 274 1586 intellexisse
287 1525 456 1603 principes,
472 1523 522 1585 vel
537 1526 638 1604 egisse
653 1526 775 1606 dejure
795 1544 857 1587 non
879 1528 1017 1606 origina-

81 1622 131 1681 rio
148 1622 179 1680 et
192 1621 330 1698 proprio,
346 1620 402 1681 sed
422 1620 574 1697 derivato,
592 1623 737 1701 adeoque
756 1640 823 1683 csse
835 1622 888 1702 jus
901 1621 1015 1701 majes-

80 1712 227 1777 taticum'.

116 1808 236 1869 ⁴Plures
248 1810 266 1869 J
269 1810 434 1870 ansenistae
448 1811 556 1871 saeculi
569 1811 678 1889 elapsi,
696 1812 807 1873 eadem
818 1812 892 1892 jura
905 1812 1018 1893 majes-

82 1902 182 1964 tatica
191 1903 389 1981 receperunt,
403 1921 474 1981 quae
484 1908 558 1964 sunt
566 1903 871 1983 impraesodptibilia,
884 1905 1016 1983 proinde

84 2014 157 2075 quae
172 1999 304 2077 possunt
316 2014 336 2055 a
345 1995 539 2075 principibus
551 1996 705 2057 revocari.
719 1996 784 2057 Sub
795 1996 842 2055 bis
855 1996 1015 2074 doctrinis,

83 2099 118 2156 et
139 2093 254 2154 talibus
278 2093 506 2169 defensoribus,
530 2092 647 2172 prodiit
671 2092 824 2172 legislatio
853 2093 1019 2154 Austrinos

84 2189 215 2268 Josepbi
238 2191 276 2265 ll,
293 2206 376 2248 anno
399 2192 489 2259 1783,
512 2207 577 2269 qua
599 2187 735 2268 cognitio
760 2205 928 2249 causarum
950 2206 1019 2248 me-

85 2286 300 2348 trimonalium
311 2284 431 2364 judicio
451 2285 575 2364 imperii
597 2285 696 2347 civilis
720 2285 934 2347 committitur.
961 2287 1019 2346 Re·

85 2381 241 2461 linquitur
262 2381 402 2442 Ecclesia
424 2386 459 2443 ut
477 2381 575 2461 possit
593 2384 753 2460 praecepta
780 2381 927 2461 quaedam
945 2400 1020 2460 pro-

87 2475 220 2538 hibitiva
238 2477 438 2553 constituere,
464 2495 534 2556 quae
557 2477 741 2556 religionem
765 2482 796 2538 et
819 2497 924 2540 mores
948 2495 1021 2556 pro·

88 2578 238 2637 moveant
264 2575 304 2635 ad
333 2575 581 2655 conservandam
605 2575 797 2636 matrimonii
821 2576 1018 2654 dignitatem.

89 2671 237 2748 Synodus
265 2670 462 2733 Pistoriensis
488 2671 601 2731 iisdem
629 2671 790 2748 principiis
813 2670 951 2748 incoepta
974 2673 1022 2730 est

88 2768 275 2827 11111786.

128 2864 199 2922 Non
214 2861 357 2921 dissimili
370 2862 464 2923 modo
478 2867 510 2924 11
534 2862 648 2942 gallico
668 2861 776 2923 codice
796 2857 1019 2937 Napoleonico,

89 2958 192 3017 omnis
205 2958 355 3020 Ecclesiae
376 2960 547 3021 auctoritas
565 2961 597 3018 in
617 2959 719 3020 causis
739 2953 1023 3019 matrimonia-libus

89 3054 198 3114 ablata
220 3056 284 3129 est,
311 3058 343 3116 et
365 3055 567 3134 magistratus
592 3055 699 3116 civiles
718 3051 864 3132 conjugio
883 3049 1022 3130 praefecti

89 3151 174 3222 sunt,
192 3164 300 3207 coram
314 3147 430 3227 quibus
444 3148 588 3209 contrahi
603 3146 734 3207 deberet
748 3148 779 3206 et
792 3144 961 3205 sufficeret.

129 3241 232 3302 Hodie
246 3243 433 3304 lansenistae
447 3242 577 3304 fraudes
597 3241 776 3320 collapsisse
796 3242 961 3314 videntur;
978 3244 1026 3302 at-

90 3341 199 3399 tamen
214 3342 246 3398 et
259 3339 353 3402 bodie
368 3358 431 3401 non
445 3341 561 3402 desunt
575 3341 630 3420 qui
644 3357 683 3399 cx
697 3356 788 3418 aequo
808 3341 919 3417 putent
942 3353 1025 3397 com-

91 3440 199 3512 petere
228 3438 416 3512 potestatem
436 3437 468 3497 in
497 3437 601 3498 causis
628 3435 912 3497 matrimonialibus
939 3432 1027 3511 prin-

92 3533 153 3613 cipi
168 3539 201 3593 et
214 3533 374 3597 Ecclesiae.

181 3645 248 3683 rou.
268 3645 298 3684 11.
926 3633 941 3680 tl
