2442 4125
203 276 261 334 aba
412 277 640 328 msrmurrouns
661 275 746 322 annm
767 271 925 318 cinonrcr.

205 429 361 504 Ecclesiae,
390 427 455 487 sive
483 422 603 484 ratione
633 417 789 497 primatus
816 414 881 474 sive
910 413 1133 492 patriarchatus
1206 444 1209 479 1

205 529 349 586 urserunt
363 517 607 580 uniformitatem
623 528 696 573 cum
710 509 850 572 Ecclesia
863 524 1023 580 romana,
1041 508 1075 566 ut
1087 504 1137 564 tae-

204 623 271 681 tum
285 621 332 680 esl
346 616 405 676 suh
419 613 549 692 Pippino
564 615 597 670 et
609 608 718 668 Carolo
737 609 852 684 Magno
867 605 900 662 in
916 603 1031 664 Galliis
1045 605 1079 662 et
1090 599 1139 660 snb

204 709 353 786 Gregorio
375 707 428 768 Vll
452 706 483 764 in
507 701 676 780 Hispaniis.
701 699 842 760 Ecclesia
866 713 977 776 graeca
1000 694 1140 756 cessitin

203 804 361 882 liturgiam
376 803 407 864 S.
423 797 529 862 Basilii
544 803 575 859 et
590 795 815 875 Chrysostomi.

244 901 309 960 Sub
319 901 379 960 boc
393 913 498 958 rerum
512 897 595 955 statu
609 893 682 954 Pius
691 893 730 968 V,
741 909 826 950 anno
838 888 933 962 1570,
947 889 1143 951 cohaerenter

203 996 244 1056 ad
258 994 375 1054 Concil.
390 991 473 1054 Trid.
491 1009 568 1050 sess.
585 993 642 1066 25,
657 990 698 1050 de
712 985 814 1048 indice
828 986 1012 1062 librorum,
1029 983 1143 1046 Missale

203 1091 378 1148 Romanum
398 1085 547 1161 correxit,
572 1091 603 1161 el
630 1081 792 1164 proposuit
816 1079 968 1140 omnibus
995 1076 1144 1148 ecclesiis,

202 1181 284 1242 fecta
298 1178 442 1241 libertate
457 1178 612 1240 retinendi
626 1182 764 1236 vetustos
777 1175 875 1249 ritus,
892 1172 1062 1250 siquidem
1076 1170 1146 1230 [ab
1220 1177 1221 1186 ¹

203 1278 304 1336 senta
320 1275 394 1336 sede
409 1274 597 1334 Romanuin
619 1290 675 1332 sna
689 1269 883 1354 institutione
898 1268 1073 1346 probatos,
1099 1273 1146 1327 aut
1220 1299 1221 1308 κ

201 1372 261 1435 200
275 1386 429 1430 annorum
450 1368 677 1430 consuetudine
702 1364 829 1426 assidua
837 1361 1048 1426 ‘observatos
1066 1365 1146 1424 Non·
1219 1382 1220 1387 ¹

202 1467 295 1528 nullis
309 1464 518 1527 baclibertaie
529 1465 577 1524 nsi
588 1469 671 1539 sunt,
681 1469 715 1524 ut
725 1460 801 1521 ordo
812 1460 1087 1540 praedicatorum
1098 1456 1145 1516 elii

202 1563 410 1628 communiter
424 1560 557 1638 amplexi
575 1566 649 1621 sunt
671 1559 845 1618 Romanam
870 1554 1051 1634 liturgiam.
1076 1553 1145 1612 Hac
1219 1548 1220 1565 ¹

202 1660 320 1722 referas
334 1657 376 1718 ad
389 1657 523 1731 Latinos,
540 1672 604 1715 non
620 1658 755 1718 Graecos
1219 1708 1220 1733 χ

241 1759 272 1814 2⁰
287 1753 421 1812 Maxime
434 1751 492 1812 fuit
511 1768 627 1832 pompa
645 1757 680 1812 et
699 1750 881 1811 solemnitas
900 1765 968 1826 qna
994 1746 1143 1808 Ecclesia
1219 1736 1220 1771 ³

202 1840 377 1920 primordiis
410 1841 632 1903 celebrabatur
659 1844 848 1904 sacrificium
878 1842 1140 1912 eucharisticum,

202 1940 228 1998 si
246 1937 372 2017 quidem
398 1939 460 1998 lota
483 1937 619 1999 ecclesia
638 1939 680 1998 ad
702 1937 779 1999 illud
803 1937 1009 1999 offerendum
1032 1953 1146 1996 conve·
1219 1948 1220 1953 ’

201 2033 319 2113 nichel,
341 2035 422 2098 adeo
446 2040 479 2097 ut
500 2037 633 2114 augusta
656 2033 709 2095 illa
734 2033 924 2096 caeremonia
942 2033 1075 2115 cyaneae
1091 2049 1143 2092 sen

201 2130 331 2193 collecta
346 2138 520 2194 vocaretur.
537 2130 599 2191 Sed
618 2148 683 2192 non
704 2149 815 2192 omnes
837 2128 989 2192 eumdem
1015 2135 1143 2208 praesta-
1219 2123 1220 2126 ’

200 2224 276 2286 bant
290 2230 396 2288 actum
416 2229 457 2289 ad
478 2225 678 2305 sacrificinm,
699 2226 756 2288 scd
780 2243 892 2288 omnes
914 2226 1143 2307 proximiorem
1219 2221 1220 2236 ¹

200 2322 254 2377 aut
276 2319 478 2399 remotiorem
506 2322 620 2401 singuli
647 2339 705 2399 pro
733 2322 915 2383 conditione
945 2339 1020 2383 sua.
1051 2321 1142 2382 Plebs
1219 2337 1220 2358 ¹

159 2457 161 2460 -
199 2409 368 2472 christiana
396 2432 452 2493 pro
477 2436 534 2477 suo
558 2424 641 2480 statu
668 2418 949 2481 laicaliofferebat
971 2434 1093 2497 panem
1113 2424 1143 2478 et

199 2506 306 2567 vinum
322 2509 406 2587 quod
421 2512 572 2575 sacrificio
587 2514 769 2593 peragendo
790 2513 957 2575 inserviret
977 2521 1011 2576 et
1030 2513 1140 2573 alimo-
1219 2511 1220 2552 ³

199 2603 259 2665 niae
274 2622 450 2685 pauperum
465 2614 494 2669 ct
510 2606 735 2686 ministrorum,
751 2608 808 2670 sed
820 2609 941 2670 nullam
962 2608 1027 2670 sibi
1039 2604 1141 2669 uindi-
1219 2555 1220 2636 ¹

199 2703 291 2766 sabat
305 2710 426 2782 partem
439 2703 571 2765 aclivam
586 2706 628 2765 ed
646 2723 768 2765 sacram
790 2703 1020 2767 caeremoniam
1043 2702 1141 2765 conti·

199 2798 750 2877 ciendam;adstabat,resp0ndebat‚
758 2800 1028 2874 communicabat,
1038 2800 1140 2860 donee
1220 2840 1221 2867 i

199 2915 255 2977 per
268 2895 435 2957 diaconum
449 2895 670 2971 dimitteretur3
695 2897 780 2959 unde
801 2896 994 2959 sacrificium
1015 2898 1140 2959 Eucha-

198 2992 337 3053 risticum
363 2990 462 3054 Missoe
488 3008 604 3053 nomen
632 2992 737 3053 traxit.
767 2992 829 3053 Sed
856 2992 961 3053 clerus
988 3012 1049 3072 pro
1081 3011 1138 3055 suo

199 3090 281 3148 statu
307 3086 450 3149 nobiliori
486 3104 609 3148 sacrum
637 3089 811 3166 peragebat
836 3088 1062 3167 ministerium,
1093 3089 1138 3150 ita
1219 3162 1221 3167 .

198 3184 352 3258 tamen-ut
366 3201 423 3260 pro
436 3182 521 3244 vario
537 3182 656 3245 ordinis
671 3186 772 3263 gradu
786 3185 959 3265 proximius
970 3192 1139 3248 entreme-

101 3356 106 3363 .
197 3273 259 3333 tius
273 3275 376 3336 clerici
386 3278 427 3339 ad
440 3277 596 3341 actionem
611 3275 784 3343 sacrificam
793 3289 1032 3360 concurrerent,
1043 3284 1138 3361 cujus

198 3364 351 3427 confectio
366 3373 579 3435 sacerdotibus
593 3376 823 3441 reservabatur.
836 3378 924 3440 Unus
933 3377 1137 3441 auteminter
1219 3348 1221 3377 ¹

200 3474 264 3530 eos,
281 3457 423 3521 uidelicet
438 3467 615 3547 episcopus,
633 3477 784 3549 tanquam
797 3479 891 3552 caput
904 3480 1044 3552 praeerat
1056 3474 1132 3537 ritui
