2442 4125
219 343 278 404 tbi
428 355 658 404 menrorronus
678 354 763 404 roms
785 356 945 404 canonici.

219 503 449 562 consueverunt
461 507 494 562 el
508 501 567 561 coli
588 501 629 560 ab
643 502 783 563 Ecclesia
796 502 863 562 sive
878 504 909 562 iu
930 504 1096 582 ecclesiis,
1114 524 1156 565 ce·

218 596 347 674 pellis...
364 596 429 658 sive
444 595 571 675 privatis
586 598 618 655 in
632 597 790 658 domibus.
806 599 875 657 Non
890 599 983 674 quod
1003 601 1153 675 credatur,

218 692 262 753 nit
277 692 442 751 concilium
461 691 688 764 Tridentium,
712 694 816 754 inesse
837 693 946 770 aliqua
970 695 1006 754 iu
1031 696 1072 755 iis
1093 697 1155 756 diri-

218 786 310 860 nilas,
326 786 377 847 vel
392 787 488 846 virtus
504 790 740 866 propterquam
755 789 818 848 siul
833 789 992 861 colendae,
1011 792 1070 850 vel
1084 790 1155 870 quod

218 882 257 942 ab
273 881 317 940 eis
332 882 372 941 sit
386 881 504 958 aliquid
517 882 699 959 petendum,
718 883 767 942 vel
781 883 866 960 quod
888 882 1017 944 fiducia
1039 885 1073 944 iu
1094 887 1156 943 imo-

217 977 341 1053 ginibus
356 977 394 1035 sit
408 975 544 1062 figenda,
562 978 648 1037 velut
662 977 735 1036 olim
749 977 845 1039 fiebat
858 996 878 1037 a
895 979 1071 1057 gentibus,
1096 998 1153 1058 que

217 1071 246 1129 in
262 1071 353 1132 idolis
368 1088 456 1149 spem
471 1089 559 1131 suam
575 1070 788 1145 collocabant3
804 1075 860 1134 sed
885 1075 1050 1150 quoniam
1065 1077 1153 1136 honor

216 1168 269 1244 qui
285 1167 329 1226 eis
345 1168 560 1242 exhibebatur,
584 1167 718 1229 retertur
742 1169 782 1228 ad
804 1175 981 1247 prototypa
1007 1171 1150 1248 quasilla

214 1269 452 1339 repraesentant,
469 1269 503 1322 ut
524 1281 580 1340 per
603 1264 756 1339 imagines
775 1281 854 1341 quas
874 1263 1109 1326 deosculamur
1126 1274 1149 1326 et
1207 1304 1208 1361 p

215 1373 320 1416 coram
335 1355 449 1433 quibus
464 1363 557 1436 caput
570 1359 728 1437 aperimus
742 1364 773 1418 et
787 1359 1048 1436 procumbimus,
1061 1359 1148 1419 Cirris
1207 1364 1208 1435 l

215 1460 282 1515 tum
297 1452 464 1514 adoremus
486 1457 517 1512 et
537 1456 661 1513 sanctos
681 1471 814 1529 quorum
832 1453 893 1514 illae
914 1454 1148 1515 similitudinem
1207 1450 1208 1533 l

215 1552 338 1630 gerunt,
356 1548 557 1610 honoremus.
1207 1544 1208 1613 ἶ

255 1649 333 1705 Sunt
356 1663 431 1722 ergo
460 1644 613 1723 imagines
636 1644 667 1704 in
694 1647 777 1705 cultu
806 1644 983 1706 christiano
1009 1647 1147 1723 quedam
1207 1638 1208 1701 l

214 1738 303 1816 signa
323 1755 392 1815 quae
417 1755 479 1798 non
503 1741 592 1800 aliter
614 1759 672 1802 nec
694 1757 809 1820 genere
834 1758 891 1800 suo
920 1761 941 1802 a
964 1742 1085 1812 verbis,
1107 1742 1147 1803 rel
1207 1818 1208 1821 Ἴ

214 1833 334 1912 scriptis
349 1833 475 1906 distant,
505 1853 640 1914 quaeque
664 1838 748 1897 nullo
768 1836 854 1897 cultu
873 1842 949 1896 suut
973 1837 1075 1914 digua
1097 1836 1146 1895 nisi

214 1949 269 2009 pro
297 1929 448 1991 relatione
476 1931 515 1990 od
547 1932 706 2009 objectum
741 1931 896 1992 invisibile
930 1933 1050 1994 cultus.
1078 1933 1146 1992 lude

213 2027 314 2105 major
336 2027 386 2088 vel
410 2027 512 2087 minor
533 2045 589 2106 pro
614 2028 798 2090 excellentia
817 2044 966 2107 personae
991 2029 1146 2107 adquam
1207 2016 1208 2019 ¹

212 2124 394 2185 relationem
409 2125 484 2185 dicit
497 2124 599 2203 imago
617 2143 623 2184 :
641 2125 776 2185 maxima
791 2131 961 2202 praestatur
973 2125 1142 2203 signocro-

213 2220 258 2279 ois
269 2220 335 2294 jam
351 2226 416 2279 tum
430 2220 470 2279 ab
485 2220 631 2281 Ecclesiae
646 2220 852 2293 institutione,
869 2219 943 2296 quia
960 2228 1010 2280 est
1028 2222 1145 2300 signnm

212 2314 416 2387 reparationis
438 2322 572 2387 nostrae3
598 2333 655 2393 pro
678 2313 850 2391 quantitate
870 2314 1035 2375 relationis
1056 2331 1144 2393 quam

212 2407 306 2466 habet
320 2408 360 2466 ad
376 2407 434 2467 hoc
449 2411 620 2487 objectum;
637 2414 721 2470 cerlo
736 2409 890 2469 minorem
909 2427 978 2485 prm
997 2410 1143 2489 reliqniis,

211 2502 378 2581 aliquando
394 2504 567 2579 minimam,
584 2524 657 2565 cum
680 2504 742 2566 sint
762 2504 866 2581 potios
886 2506 981 2584 signa
1002 2506 1144 2583 quaedam

210 2599 457 2661 conventionalia
471 2620 529 2680 per
543 2619 633 2661 usum
650 2600 858 2666 determinata
872 2600 914 2659 ad
929 2600 991 2659 hoc
1004 2606 1041 2661 ul
1054 2616 1144 2659 unam

210 2697 258 2761 vel
272 2696 365 2757 oliam
383 2714 547 2773 personam
562 2696 699 2755 indicent
713 2713 809 2773 qnam
821 2713 905 2755 verse
920 2696 1007 2755 illins
1017 2696 1141 2774 effigies.
1207 2709 1208 2712 ’

210 2791 272 2853 Sed
285 2808 408 2851 summa
422 2789 539 2851 utilitas
555 2808 593 2849 ex
608 2790 667 2849 bac
693 2788 893 2849 veneratione
918 2790 1051 2866 orietur,
1076 2790 1145 2862 qnia
1207 2785 1208 2816 ³

205 2893 332 2969 juvatur
346 2887 506 2948 infirmitas
521 2894 628 2948 nostra
643 2891 675 2949 el
686 2887 777 2948 facile
793 2905 849 2965 per
869 2886 937 2947 baec
955 2888 1091 2948 visibilia
1104 2888 1141 2946 ad

208 2985 374 3047 invisibilia
394 2985 569 3059 elevamur,
596 2984 772 3060 presertim
794 2999 866 3042 cnm
889 2982 1049 3060 imperitis
1071 2982 1141 3042 ima·
1207 2995 1208 3036 t

208 3082 296 3158 gines
319 3082 379 3143 sint
402 3079 487 3154 libri,
513 3086 545 3139 ut
565 3078 670 3139 aiebat
694 3078 859 3155 Gregorius
887 3078 1044 3155 Magnus3
1066 3076 1138 3137 iude

207 3174 346 3233 Ecclesia
360 3191 413 3232 eas
427 3172 505 3232 solet
520 3172 666 3243 retinere,
683 3202 723 3217 -
742 3171 816 3229 licet
838 3168 941 3245 major
964 3168 1016 3228 vel
1040 3168 1139 3227 minor

205 3268 298 3328 inerit
312 3286 420 3327 earum
434 3284 510 3327 usus
533 3266 635 3342 prouti
657 3264 897 3325 circumstantiae
913 3264 1137 3340 permiserunt,

205 3394 244 3409 -
263 3378 423 3436 nunquam
444 3368 549 3421 autern
570 3358 686 3419 nullus.
710 3360 754 3419 Ne
778 3364 884 3419 entem
908 3358 941 3416 in
965 3359 1025 3417 bac
1049 3356 1138 3416 disci-

205 3456 290 3530 plina
304 3453 441 3526 irrepant
454 3456 581 3527 abusus,
594 3454 703 3514 sedulo
713 3458 840 3515 cautum
849 3460 897 3513 est
903 3470 960 3530 per
971 3452 1135 3513 concilium

204 3542 420 3607 'l'ridenliuum
443 3562 482 3604 ue
509 3548 634 3607 insolita
657 3548 760 3626 imago
786 3552 921 3625 ponatur
943 3548 1003 3607 nisi
1025 3563 1135 3625 appro-
1207 3557 1208 3584 i
