2442 4125
85 214 144 274 266
293 223 522 270 luminosiores
541 223 627 268 roass
647 223 803 270 canonio.

86 368 288 448 elanguescit,
304 367 546 446 elanguescente
561 363 736 442 disciplina,
757 366 817 426 sed
834 384 896 444 per
909 384 1008 427 nomn

86 464 279 542 disciplinam
294 461 427 540 tempori
440 460 631 540 applicatam
643 461 814 537 reviviscit,
831 461 944 539 plures
953 463 1008 522 alie

86 559 268 622 introductae
296 564 368 618 suut
395 557 528 635 publicae
556 573 689 634 preces,
721 563 753 618 et
774 557 1010 635 supplicatim

86 671 219 732 quarum
232 652 352 730 species
365 651 487 710 vanam
501 649 732 728 propemodum
745 651 787 711 ad
801 651 975 724 infinitum,
987 658 1010 712 ct

86 749 237 828 populum
251 747 454 808 christianum
468 745 534 806 sive
557 745 644 806 boris
666 745 788 806 diurnis
809 747 846 806 in
869 748 1009 820 ecclesiis,

86 845 151 906 sive
165 843 326 904 nocturnis
340 841 548 917 moratoriis,
571 841 667 900 modo
690 841 861 902 occasione
884 843 1012 920 publica

84 957 157 1000 rum
183 936 511 1016 circumgestatiouum
538 936 725 996 sanctissimi
752 941 950 1000 sacramenti
975 940 1013 999 rel

86 1039 264 1096 sanctarum
277 1033 479 1111 reliquiarum
494 1035 526 1092 et
539 1032 726 1109 imaginum,
742 1034 841 1094 modo
856 1037 1014 1095 occasione

85 1129 326 1190 novemdialium
354 1134 408 1190 aut
436 1126 631 1203 munorum,
667 1145 739 1206 qum
767 1111 1015 1192 solemnitatibus
1107 1174 1108 1178 ,

84 1223 326 1299 premittuntur‚
341 1222 435 1284 modo
449 1222 615 1282 occasione
629 1221 782 1282 festorum
790 1223 849 1300 qui
858 1229 1017 1284 sacrantur
1108 1225 1109 1229 ’

84 1318 325 1397 pistatisofficiis
338 1317 371 1377 in
386 1319 536 1379 bonorem
552 1318 657 1388 unius,
681 1318 732 1377 vel
751 1318 887 1379 alterius
912 1322 1017 1392 sancti,
1113 1307 1114 1310 ¹

84 1413 220 1475 retinent
247 1413 417 1474 addictum.
451 1415 590 1476 Ecclesia
626 1411 715 1474 uberi
751 1412 1021 1492 indulgentiarum

85 1509 268 1590 elargitione
291 1517 454 1571 conservat
474 1521 506 1570 et
526 1509 610 1571 fovet
629 1509 688 1568 has
709 1507 911 1587 disciplinas,
938 1511 1022 1572 illum

85 1605 259 1684 proiectum
272 1606 463 1684 spiritualem
479 1621 575 1682 quem
588 1604 722 1665 mortuis
738 1602 917 1682 disciplinis
931 1607 1025 1666 mori-

85 1701 144 1760 bus
157 1701 270 1761 nostris
283 1699 581 1777 improportioualis,
597 1699 737 1762 obtinere
751 1716 817 1759 uon
832 1707 960 1778 posset.

435 1890 604 1938 sublevans
626 1893 657 1938 l.

319 2027 360 2091 De
373 2039 499 2110 tempore
512 2027 608 2090 cultui
621 2027 777 2090 destinato.

122 2192 230 2252 XVIII.
251 2191 359 2251 Cultus
378 2186 542 2266 religiosus
564 2189 597 2247 in
621 2188 764 2250 Ecclesia
784 2206 848 2250 non
872 2196 926 2252 est
949 2193 1030 2270 quid

84 2285 374 2359 extraordinarium,
394 2284 451 2345 sed
474 2283 668 2345 ordinarium
691 2287 724 2344 et
745 2283 977 2362 quotidianum
997 2297 1030 2351 et

83 2377 241 2455 praeprna
261 2379 493 2455 quodammodo
510 2379 629 2441 iunctio
647 2380 751 2441 vitalis
769 2379 852 2441 illins
875 2385 1029 2463 corporis

84 2468 221 2547 moralis,
244 2487 306 2530 uon
321 2489 412 2533 secus
425 2491 464 2534 ac
482 2473 645 2553 respiratio
665 2474 698 2535 in
721 2492 853 2552 corpore
875 2479 1026 2541 animali.

82 2572 164 2649 Ergo
179 2565 300 2628 nubum
313 2575 437 2649 tempus
451 2589 471 2631 a
484 2572 573 2634 cultu
586 2570 692 2632 diuiuo
709 2574 743 2632 iu
756 2573 901 2637 Ecclesia
913 2579 1028 2639 exclu-

84 2667 177 2743 ditur,
192 2664 257 2725 imo
270 2667 450 2729 universnm
464 2667 535 2729 vite
552 2668 702 2729 hnmanae
720 2674 845 2747 tempus
864 2671 907 2732 ad
931 2672 1027 2735 illum
1118 2690 1123 2734 l

83 2758 213 2838 positive
227 2759 405 2821 ordinatum
418 2762 477 2834 est,
493 2760 536 2822 ita
554 2762 590 2822 nt
603 2760 669 2823 vita
680 2760 852 2823 christiana
865 2781 940 2842 qum
966 2785 1027 2846 per
1116 2764 1117 2774 ’

81 2856 177 2919 fidem
202 2862 366 2919 exercetur
385 2856 418 2917 in
442 2862 546 2931 terra,
571 2856 611 2917 sit
634 2852 797 2919 exordium
819 2858 891 2921 vite
912 2860 1025 2926 beate

82 2967 152 3027 quae
180 2951 213 3011 iu
240 2950 340 3028 gloria
366 2948 636 3012 consummabitur
658 2952 690 3011 in
713 2952 813 3013 omlis.
839 2955 964 3019 Florus
993 2964 1025 3021 et

81 3043 340 3125 labilistemporia
358 3060 468 3107 cursus
484 3053 531 3109 est
545 3047 747 3127 presagium,
764 3054 977 3129 pregustatio
993 3060 1024 3115 et

81 3144 210 3203 nuntius
224 3142 416 3204 cernimus.

121 3236 272 3299 Videlicet
285 3236 425 3301 Ecclesia
438 3243 470 3301 et
483 3238 574 3299 annis
587 3245 619 3301 et
630 3239 743 3303 diebus
757 3244 790 3303 et
809 3240 896 3302 boris
917 3241 1020 3305 ebrie

81 3330 182 3393 dunas
195 3335 364 3395 memorias
379 3340 410 3397 et
431 3334 681 3401 reminiscentias
702 3338 872 3417 impressit,
896 3337 1017 3402 offecit·

81 3442 142 3503 que
156 3430 190 3485 ut
204 3429 328 3499 tempus
341 3430 443 3504 ipsum
457 3449 476 3491 a
490 3431 713 3508 temporalibus
727 3433 872 3495 homines
884 3434 1012 3497 abstra-
