2442 4125
161 252 200 311 tr
368 261 598 309 1rsr1rurronas
618 260 703 307 runis
724 260 886 309 canonici.

160 407 315 473 risibilem
333 406 454 471 catilla
472 422 543 487 quae
561 404 728 468 intercedit
746 423 879 467 causam
894 406 985 470 inter
998 426 1108 471 secun·
1188 419 1189 444 ³

160 504 283 567 dariam
304 508 336 565 et
355 500 626 564 instrumentalem
644 501 700 561 sed
720 501 929 580 efficientem,
946 504 982 565 in
997 504 1108 566 ordine

161 600 202 663 ed
217 600 363 661 effectum
377 615 480 659 suum.
497 595 586 659 Unde
601 599 637 658 nt
651 596 747 676 quod,
763 597 817 657 ubi
832 598 969 679 signum
985 600 1108 661 visibile

161 695 360 771 sacramenti,
372 693 504 756 servatis
519 693 748 770 essentialibus,
760 694 819 755 rite
832 696 984 775 positum
999 696 1106 772 fuerit,

143 809 219 853 ,nee
238 790 357 872 aliquid
376 790 479 851 obstet
496 807 534 849 ex
553 794 643 867 parte
663 789 872 866 suscipientis,
896 793 1037 854 effectus
1058 792 1108 851 ille

161 886 324 949 invisibilis
336 885 511 947 necessario
521 887 683 964 sequatur.
696 885 870 962 Propterea
879 888 990 949 credit
999 888 1109 955 Eccle-

160 982 208 1044 sia
230 982 344 1043 barum
366 998 484 1057 rerum,
508 998 578 1060 qnae
601 980 716 1041 divinae
737 999 811 1041 vere
832 984 864 1041 et
887 982 1025 1060 proprie
1047 980 1107 1042 dici

161 1081 302 1157 possunt,
315 1076 374 1137 sibi
388 1075 676 1137 concessum-luisse
686 1075 908 1158 ministerium,
919 1096 988 1140 non
999 1080 1106 1139 autem

161 1173 378 1237 substantiam.
396 1173 491 1234 Plura
511 1171 607 1251 igitur
625 1176 729 1250 potest
748 1172 924 1235 decernere
941 1179 975 1236 et
995 1190 1106 1251 reapse

163 1268 304 1332 decrerit
317 1267 368 1327 rel
384 1269 512 1330 decreta
530 1266 724 1330 modificavit
741 1267 826 1329 circa
838 1267 973 1330 illorum
986 1272 1106 1330 rectam

163 1362 480 1439 ministrationem,
507 1380 545 1423 ne
573 1367 806 1425 sacramentum
831 1364 929 1426 detur
957 1364 1103 1435 canibus,

164 1460 282 1521 nullam
304 1458 363 1519 sibi
386 1476 462 1519 vero
486 1457 588 1519 inesse
612 1458 794 1522 tenuitatem
817 1478 881 1539 qna
908 1461 1028 1522 berum
1055 1475 1104 1519 re-

164 1572 233 1615 rum
253 1553 453 1616 efficientiam
472 1554 577 1616 valeat
594 1554 766 1632 impedire,
785 1554 911 1622 irritare
931 1555 988 1616 vel
1005 1564 1104 1615 retar-

164 1649 251 1712 dare.

182 1816 195 1861 ss
208 1809 241 1854 H·
253 1821 282 1854 nl
294 1820 367 1854 ΙΤΔΤΙῙ
379 1818 442 1857 out!
455 1818 546 1851 ΠΑΙΙΙῙΠ
559 1817 712 1851 Sdfflfflffl
724 1818 748 1851 ill
760 1818 882 1853 aeonum
894 1816 1085 1854 ascalonenses.

204 1941 255 2003 Ill.
274 1913 553 2018 sutus'juridieus
571 1943 850 2015 sarmentorum,
867 1956 933 1999 nun
954 1956 1049 2001 secus
1066 1952 1102 1995 ae

164 2040 341 2098 ceterarum
360 2052 478 2111 rernm,
500 2033 728 2095 determinatur
749 2050 812 2112 pro.
827 2033 984 2116 relatione
1006 2047 1099 2114 qnam

163 2150 214 2194 res
229 2133 348 2196 habent
360 2133 402 2195 ad
416 2132 514 2193 finem
527 2135 558 2192 et
575 2147 727 2209 personas
746 2131 984 2211 aggregationis
1004 2129 1100 2191 eccle·

165 2225 308 2288 siasticae.

205 2321 410 2382 Sacramenta
422 2319 454 2379 in
469 2317 579 2380 ordine
593 2321 632 2378 aa
647 2319 736 2400 ficem
753 2324 883 2400 possunt
901 2313 1097 2384 considerari

164 2413 215 2474 vel
236 2411 340 2492 quoad
362 2410 540 2473 universam
560 2413 733 2474 Ecclesiam
752 2414 802 2474 vel
826 2416 930 2494 quoad
956 2411 1097 2493 singulos

165 2505 369 2568 Christianos.

205 2606 236 2664 l⁰
261 2602 370 2675 Quoad
392 2602 571 2664 nniversam
592 2604 777 2682 Ecclesiam,
798 2605 925 2667 illorum
947 2601 1097 2667 adminis-

163 2699 256 2761 tratio
273 2704 304 2759 et
317 2699 484 2777 susceptio,
495 2701 669 2777 generatim
677 2700 850 2780 loquendo,
863 2720 914 2763 res
929 2698 1097 2763 necessita-

163 2794 203 2856 tis
227 2796 285 2882 est,
310 2813 423 2875 nempe
447 2794 590 2856 absolute
618 2799 650 2856 et
676 2797 853 2857 necessario
876 2798 1036 2861 servande
1057 2790 1095 2852 ab

163 2883 304 2948 aeclesia
322 2892 357 2949 ut
376 2887 424 2948 sni
443 2887 514 2947 linis
535 2887 723 2965 assequendi
741 2888 823 2966 potis
842 2889 892 2951 sit.
913 2891 992 2951 Cum
1014 2883 1095 2947 enim

164 2981 213 3044 hae
232 3001 282 3044 res
301 2984 441 3060 positivae
461 2983 517 3043 Dei
536 2983 738 3044 institutionis
753 2984 825 3061 sint,
841 2985 1020 3046 necessario
1034 2997 1096 3042 ser·

163 3076 275 3138 vander
297 3081 371 3138 sunt
392 3081 426 3137 nt
444 3077 578 3138 societas
599 3079 813 3141 ecclesiastica
832 3081 874 3140 ad
892 3098 983 3141 sunm
1000 3079 1094 3139 finem

164 3173 335 3234 ordinetur.
349 3172 458 3233 Praxis
469 3172 563 3252 igitur
578 3191 623 3236 vn
634 3183 904 3238 sacramentorum
913 3178 945 3237 in
956 3170 1094 3237 Ecclesia

163 3267 260 3328 habet
282 3267 425 3328 ordinem
451 3268 644 3331 necessitatis
666 3268 699 3328 in
722 3271 816 3330 finem
843 3274 973 3349 prepter
1000 3277 1091 3347 quem
1190 3264 1191 3291 ¹

163 3361 335 3423 Ecclesiae
350 3362 471 3426 Christo
486 3362 629 3425 instituta
643 3368 700 3426 est.

127 3526 131 3538 Ι
202 3460 235 3516 2⁰
250 3457 281 3519 Si
297 3475 372 3520 vero
382 3463 579 3521 sacramenta
589 3459 828 3522 considerantur
838 3456 1088 3540 quoadsingnlos
