2442 4125
184 332 240 393 loo
389 340 618 389 rusurrumorins
639 341 722 389 roam
742 341 898 389 canonici.

182 506 278 553 causa
291 485 451 549 affinitatis
467 506 474 547 :
492 502 564 547 cum
578 484 662 546 enim
676 484 698 547 ii
712 504 822 547 omnes
837 486 1030 551 haberentur
1042 490 1116 555 effi-

183 606 238 648 nes
252 584 320 647 viro
339 583 393 665 qui
414 587 519 645 essent
536 583 763 661 consanguinei
782 584 888 645 uxoris
908 591 940 646 et
960 586 1112 665 vicissim,

182 689 214 748 et
236 682 363 763 quidem
385 681 496 747 codem
514 680 617 760 gradu
635 698 673 741 ac
693 679 725 739 in
744 679 932 760 cognatione
950 686 1110 746 naturali:

181 782 226 844 ita
239 783 275 841 ut
288 796 350 840 non
364 778 502 839 licuisset
515 777 582 837 viro
598 775 783 838 contrahere
794 776 834 838 ob
844 777 1030 841 affinitatem
1040 799 1114 843 eum

182 877 220 937 iis
234 892 306 937 cum
320 874 433 955 quibus
448 889 510 934 non
531 871 670 935 licuisset
692 871 781 933 uxori
803 872 844 938 oh
858 877 1115 954 consanguinita-

180 980 257 1049 tem,
273 977 305 1035 et
318 972 385 1032 vice
399 986 501 1031 versa.

222 1068 302 1141 Quin
318 1067 380 1128 imo
394 1065 487 1127 latius
502 1064 596 1126 ctiam
619 1067 768 1142 protensa
786 1068 833 1127 est
852 1067 938 1129 notio
952 1066 1113 1133 affinitatis

181 1166 212 1227 in
234 1164 343 1226 ordine
365 1163 404 1224 sd
426 1160 658 1243 prohibendum
679 1163 711 1222 et
730 1162 983 1226 interdicendum
1003 1166 1113 1229 matri-

181 1259 330 1321 monium.
348 1262 427 1321 Nam
442 1260 529 1321 varia
543 1276 662 1338 genera
675 1257 864 1319 affinitatum
877 1263 1107 1338 receptasunt:

181 1360 212 1417 1⁰
231 1354 379 1434 Gonjugis
398 1359 542 1432 respectu
565 1354 606 1414 ad
629 1371 739 1415 omnes
761 1354 1013 1433 consanguineos
1035 1357 1113 1419 alte-

180 1452 262 1525 rius;
279 1454 311 1511 2⁰
334 1448 464 1511 secundi
487 1448 591 1510 mariti
612 1466 685 1509 cum
704 1449 849 1511 omnibus
869 1451 1112 1529 consanguineis

181 1547 273 1629 primi
286 1568 295 1623 3
311 1550 343 1609 3ο
358 1545 498 1607 secunda
512 1563 591 1606 uxor
603 1544 735 1606 secundi
747 1546 852 1606 mariti
872 1563 946 1607 cum
967 1547 1111 1609 omnibus

180 1640 422 1721 consanguineis
448 1640 553 1719 primi.
584 1640 665 1699 Nam
693 1640 833 1701 secunda
855 1658 935 1701 uxor
956 1648 1026 1703 erat
1049 1660 1112 1703 une

180 1754 254 1798 earo
269 1754 341 1797 oum
355 1736 492 1815 secundo
508 1735 621 1797 marito
636 1735 689 1817 qui
704 1738 773 1797 erat
792 1754 856 1795 una
875 1753 950 1797 caro
971 1755 1045 1797 cum
1065 1738 1112 1798 vi-

181 1834 255 1908 dua,
272 1849 342 1913 quae
356 1830 459 1894 fuerat
473 1850 536 1893 una
550 1849 624 1893 caro
639 1848 713 1891 cum
726 1831 827 1910 primo
843 1833 988 1912 conjuge.

218 1927 310 1990 Adde
325 1928 420 1991 etiam
440 1931 602 2008 receptum
625 1928 720 1989 fuisse
743 1931 778 1989 ut
800 1945 863 1988 non
885 1931 1009 1992 tantum
1032 1948 1111 1993 uxor

178 2028 269 2092 lieret
291 2027 395 2090 affinis
418 2025 660 2108 consanguineis
683 2025 752 2103 viri,
778 2028 809 2088 et
829 2024 976 2104 vicissim,
1001 2027 1112 2090 sedet

180 2126 405 2206 consanguinei
419 2125 512 2187 unius
527 2128 558 2186 et
576 2122 801 2202 consanguinei
820 2123 949 2186 alterius
966 2124 1111 2206 conjugis

179 2225 290 2284 tierent
304 2222 414 2282 affines
428 2220 510 2283 inter
524 2236 568 2280 se.

219 2316 391 2377 Concilium
413 2333 488 2377 vero
513 2318 723 2378 Lateranense
744 2319 910 2395 quartum,
930 2333 1042 2379 omnes
1061 2336 1111 2379 se·

179 2413 274 2474 cundi
288 2411 414 2491 generis
428 2412 595 2473 affinitates
613 2413 769 2490 inductas,
790 2411 829 2474 de
847 2413 952 2475 medio
970 2414 1108 2492 sustulit,

179 2506 222 2566 ita
237 2508 271 2565 ut
286 2521 344 2564 nec
358 2508 483 2581 pareret
498 2505 634 2566 affinitas
649 2505 845 2583 affinitatem,
867 2524 925 2568 nec
942 2524 1109 2585 promana·

178 2605 227 2663 ret
240 2602 322 2662 inter
336 2601 585 2680 consanguineos
599 2602 658 2662 viri
673 2605 705 2664 et
718 2604 967 2683 consanguineos
988 2607 1106 2682 uxoris,

178 2697 245 2758 sola
259 2696 368 2759 relicta
382 2712 452 2775 quae
466 2695 549 2758 inter
561 2696 665 2757 virum
679 2699 712 2758 et
724 2697 974 2776 consanguineos
988 2699 1106 2776 uxoris,

176 2795 227 2856 vel
242 2794 309 2855 vico
323 2810 415 2854 versa
433 2792 652 2870 intercederet,
674 2811 774 2872 eaque
788 2811 888 2872 usque
908 2793 950 2853 ad
969 2803 1108 2874 quartam

175 2887 312 2968 gradum,
328 2887 361 2954 id
376 2889 536 2966 estusque
551 2886 592 2946 ad
607 2886 728 2966 eosqui
743 2893 849 2948 essent
861 2887 991 2949 alterius
1009 2889 1108 2966 partis

177 2983 399 3063 consanguinei
413 2982 446 3042 in
460 2987 492 3044 4⁰
506 2982 620 3061 gradu.

216 3082 282 3141 Hoc
293 3081 365 3160 jure
380 3078 474 3141 hodie
489 3079 617 3140 utimur.

216 3175 325 3245 Quoad
339 3194 415 3237 vero
431 3176 615 3238 affinitatem
630 3194 669 3237 ex
681 3176 793 3254 copula
807 3176 915 3240 illicita
924 3181 1039 3256 ortam
1052 3197 1109 3258 per

176 3268 342 3331 concilium
356 3271 495 3334 Trident.
512 3290 588 3333 sess.
610 3273 720 3348 XXIV,
746 3291 775 3334 c.
800 3290 846 3350 rv,
871 3274 911 3334 de
934 3276 1018 3352 Rei,
1042 3293 1106 3337 res

176 3364 269 3426 tricia
283 3369 330 3424 est
344 3366 411 3427 haec
425 3366 585 3430 affinitatis
605 3367 726 3446 species
747 3368 789 3429 nd
806 3369 960 3432 amandam
978 3371 1105 3452 gradum

175 3457 330 3534 inclusive,
357 3460 401 3522 ita
423 3464 458 3522 ut
480 3481 518 3522 ex
542 3463 752 3525 declaratione
775 3465 821 3525 Pii
849 3469 876 3529 V
903 3467 1039 3546 (constit.
1068 3467 1108 3527 ud

175 3552 352 3632 Romanum)
379 3553 500 3614 nullum
530 3557 625 3618 hodie
654 3557 913 3637 impedimentum
942 3564 1106 3624 remaneat
