2442 4125
187 369 247 432 328
395 377 729 427 rusr1rurrorasrun1s
752 373 908 425 assumor.

188 547 251 590 non
265 531 388 591 tantum
401 525 543 588 Ecclesia
555 524 723 604 generalis,
740 523 796 584 sed
818 529 850 585 at
870 522 1002 602 singulae
1027 542 1130 602 paon·

187 625 280 685 liares
313 620 454 684 eoolesiae
485 621 666 683 habuerunt
693 620 741 679 sni
771 619 886 698 paoulii
920 619 1130 682 administra-

190 719 318 780 tionem.

228 815 289 876 Sed
312 813 452 874 Ecclesia
465 829 561 890 super
584 811 748 890 episcopos
773 811 906 872 fundata
930 816 989 888 est,
1015 815 1049 873 et
1070 830 1130 890 per

188 907 317 968 eosdem
340 906 524 985 praepositos
553 904 655 966 omnis
682 904 765 965 illius
789 910 889 966 ooetns
913 906 1126 984 gubernatur.

188 1001 271 1079 Ergo
287 1000 441 1079 quotquot
455 998 632 1059 eonstitutae
654 1001 727 1059 sunt
741 997 904 1074 dioeoeses,
927 997 1017 1060 velut
1041 1016 1131 1059 oom-

188 1095 356 1157 munitates
371 1093 590 1155 ecelesiastica
604 1093 636 1152 in
651 1111 707 1154 suo
723 1111 839 1171 genere
855 1094 1017 1172 perleotae,
1041 1096 1130 1156 velut

186 1191 318 1252 totidem
332 1189 457 1251 familiae
473 1188 662 1264 christianae,
679 1189 810 1250 totidem
821 1192 1042 1268 apparuerunt
1054 1207 1129 1269 par-

186 1284 331 1346 ticularia
355 1285 502 1345 duolesiae
523 1284 723 1363 patrimonia,
751 1302 820 1363 quae
844 1303 864 1345 a
884 1285 1024 1365 singulis
1045 1286 1131 1364 epis-

188 1377 274 1456 eopis
291 1375 378 1439 velut
391 1378 533 1456 patribus
555 1379 692 1440 familias
715 1383 746 1441 et
766 1379 940 1442 rectoribus
962 1380 1129 1443 societatis

189 1472 407 1536 ecelesiastica}
422 1472 649 1537 administrate
665 1480 748 1538 sunt.

229 1574 289 1633 Pro
304 1571 453 1653 qualitate
468 1576 573 1631 autern
589 1570 807 1633 destinationis
827 1588 922 1650 quam
938 1571 1063 1634 hahent
1077 1589 1127 1633 res

189 1668 378 1746 temporales
391 1665 551 1743 Euolesiae,
567 1667 608 1727 ad
624 1685 677 1728 eos
691 1667 770 1728 fines
785 1667 903 1728 directa
918 1672 968 1727 est
983 1667 1056 1730 haeo
1071 1667 1129 1728 ad·

189 1763 387 1840 ministratio,
412 1769 446 1823 ut
466 1781 524 1841 per
543 1780 615 1824 eam
636 1761 880 1842 providerentur
900 1763 1072 1842 episeopus
1096 1766 1127 1824 et

190 1857 293 1919 cleriei
313 1858 510 1920 convenienti
534 1857 771 1933 sustentatione,
788 1861 820 1918 et
838 1860 954 1918 eaetera
978 1858 1129 1936 provide·

189 1957 299 2015 rentur
313 1972 384 2032 quae
399 1954 439 2014 ad
453 1953 596 2014 divinum
611 1955 729 2016 oultum
744 1953 948 2031 pertinerent,
966 1957 999 2015 at
1019 1972 1127 2016 saero-

190 2068 261 2111 rum
275 2048 587 2128 administrationem,
605 2068 663 2111 neo
678 2068 741 2111 non
755 2067 812 2128 per
827 2068 865 2110 ea
877 2048 1125 2129 providerentur

190 2145 359 2225 peregrini,
375 2163 567 2225 pauperae...
586 2163 648 2205 uno
668 2145 764 2206 verbo
787 2145 948 2206 charitatis
974 2146 1124 2223 operibus

190 2240 349 2302 satisfierit
363 2241 477 2320 quihus
492 2259 528 2300 ex
542 2240 683 2302 instituto
699 2257 755 2309 suo
770 2241 876 2302 studet
890 2241 1043 2303 lieolesia.

231 2334 366 2410 Speeiali
381 2339 487 2394 autem
501 2334 595 2394 modo
610 2351 667 2411 per
682 2350 719 2393 ea
733 2334 894 2411 provisum
910 2350 973 2393 non
998 2332 1059 2394 fuit
1074 2332 1121 2412 ju·

192 2424 293 2485 vando
316 2428 420 2498 studio
444 2428 634 2505 evangeliea
654 2422 853 2506 perfeetionis
878 2434 909 2487 et
932 2429 1007 2491 vitae
1031 2448 1122 2509 regn·

191 2517 275 2594 laris,
292 2518 408 2597 quippe
425 2519 572 2580 monaehi
593 2518 743 2598 primitivi
761 2518 800 2579 de
821 2518 949 2597 propria
970 2518 1118 2579 industria

192 2622 224 2676 ot
249 2614 357 2676 labore
385 2632 536 2675 manuum
565 2632 694 2676 suarum
726 2613 784 2674 sibi
811 2614 929 2675 vietum
957 2619 1119 2692 vestesque

192 2719 432 2791 compararunt3
456 2710 546 2789 lapsu
573 2711 724 2789 temporis
745 2710 910 2789 temporali
934 2710 1120 2788 patrimonio

191 2810 295 2884 aneta,
312 2807 503 2867 monasteria
516 2810 695 2884 separatam
716 2806 798 2866 illius
819 2805 1001 2867 habuerunt
1025 2804 1118 2865 admi·

192 2902 419 2978 nistrationem,
436 2920 506 2981 qnae
518 2901 586 2982 jam
599 2906 667 2963 tum
681 2903 721 2963 ab
741 2901 837 2965 initiis
853 2900 973 2963 ratione
997 2918 1120 2978 exemp

191 2999 311 3060 tionum
325 2998 366 3059 ab
381 2997 549 3077 episcopali
560 2997 779 3077 jurisdictione
794 2998 955 3059 subtracta
968 2999 1029 3059 est.

231 3093 295 3156 Sed
308 3094 382 3154 lieet
395 3111 508 3173 seopus
524 3093 707 3154 oeoonomiae
717 3092 999 3154 administrationis
1009 3094 1118 3174 peculii

193 3189 396 3251 ecelesiastici
411 3208 534 3268 semper
549 3189 600 3249 ille
615 3188 673 3250 luit
687 3195 721 3250 ut
738 3190 925 3268 temporalia
943 3190 1041 3251 finem
1057 3209 1117 3253 sua

193 3285 408 3350 destinationis
426 3293 678 3369 assequerentur,
701 3288 848 3349 videlieet
863 3294 898 3351 ut
914 3272 1117 3367 spiritualium

192 3398 298 3439 rerum
325 3384 516 3445 adminicula
543 3391 648 3446 essent
674 3386 862 3462 necessaria,
886 3403 950 3446 non
974 3404 1039 3445 una
1064 3385 1117 3445 luit

192 3474 470 3537 administrationis
485 3483 563 3541 ratio
579 3486 614 3542 ut
636 3480 694 3542 iste
716 3481 786 3541 finis
807 3485 1041 3561 assequeretur,
1065 3480 1114 3541 sed

193 3563 288 3623 variae
303 3564 430 3628 fuerunt
444 3572 538 3648 hujus
551 3575 830 3638 administrationis
845 3578 939 3638 vices.
954 3563 956 3569 ’
