2442 4125
46 690 52 697 ·
131 726 136 731 .
161 642 550 799 institutionis
572 630 981 741 tumaoliorllcl.

463 1120 617 1192 suello
640 1120 684 1191 11.

152 1316 155 1321 ¹
226 1326 265 1371 DE
288 1326 387 1373 STATU
409 1326 618 1391 noemmin
641 1326 758 1373 ORDINE
780 1327 822 1373 ΔΙ)
844 1326 914 1373 RES.

150 1514 173 1578 l.
199 1512 269 1589 Res,
292 1512 324 1573 in
346 1514 499 1591 quantum
520 1512 663 1593 personis
684 1516 887 1594 opponuntur
906 1512 939 1575 in
956 1512 1043 1595 jure,

106 1616 176 1672 cunt
195 1608 292 1669 media
313 1607 416 1688 quibus
437 1607 564 1669 damano
582 1609 703 1669 societas
721 1608 924 1671 ordinaturis
941 1608 1043 1691 finem.

109 1704 204 1784 Atqui
218 1704 301 1781 tinia,
313 1704 346 1764 in
360 1721 454 1783 quem
468 1708 642 1786 spontunco
653 1704 782 1785 quidem
795 1705 851 1767 sed
866 1706 1043 1771 necessario

109 1805 231 1862 noturae
251 1800 400 1861 instinctu
419 1798 559 1878 terimur,
581 1800 713 1863 solicitus
732 1806 840 1862 nostra
858 1804 918 1865 ost.
941 1802 1045 1875 Quare

110 1913 162 1956 ros
190 1895 366 1975 generatim
393 1894 455 1955 dici
483 1898 615 1973 possunt
641 1895 747 1957 media
773 1896 879 1958 omnia
906 1914 976 1976 quoe
1004 1897 1046 1959 ad

36 2025 39 2029 -
112 1993 253 2051 nostram
267 1988 523 2070 consequendam
536 1988 718 2050 felicitatem
732 1990 928 2052 ordinantur.

156 2087 197 2146 At
217 2085 284 2145 hoec
303 2084 434 2148 felicitas
458 2085 583 2146 diverso
611 2085 705 2146 modo
736 2084 986 2165 apprehenditur
1014 2085 1046 2150 iu

112 2175 186 2258 jure
200 2175 280 2236 civili
294 2195 331 2238 ao
345 2177 377 2238 in
388 2177 460 2258 jure
471 2176 633 2239 canonico.
646 2177 724 2238 Cum
735 2175 940 2238 enimllnisin
951 2194 1046 2257 quom

28 2289 30 2294 ’
113 2271 231 2335 directe
246 2272 347 2334 tendit
360 2273 451 2335 civile
466 2271 668 2350 consortium,
681 2271 814 2333 felicitas
823 2270 917 2352 hujus
929 2280 1047 2353 tempo·

111 2368 156 2430 ris
176 2367 227 2445 sit,
250 2373 360 2428 contra
378 2386 454 2430 vero
473 2367 603 2446 felicitas
620 2368 655 2428 in
669 2385 765 2447 quam
778 2367 881 2430 tondit
893 2369 1045 2446 Ecclesia,

113 2467 232 2526 ¹aeternc
251 2461 413 2528 beatitudo
434 2463 484 2542 sit,
507 2462 581 2525 indo
602 2465 639 2527 fit
658 2468 693 2527 ut
713 2481 820 2525 rerum
839 2462 970 2524 civilium
993 2480 1047 2524 no·

114 2561 200 2622 tione
224 2559 436 2639 intelligamus
464 2559 559 2622 medic
588 2577 654 2641 quo
677 2559 719 2621 od
745 2558 932 2641 temporalem
960 2558 1049 2639 hujus

114 2653 219 2715 mundi
230 2653 412 2734 felecitatem,
429 2655 556 2718 notione
570 2674 646 2719 vero
660 2673 768 2717 rorum
780 2653 1047 2731 ecclesiastieorum,

115 2748 210 2837 media
224 2768 291 2830 quo
305 2749 345 2811 cd
358 2759 500 2813 (eternum
513 2751 682 2832 felicitatem
696 2744 952 2833 consequendam
966 2749 1049 2811 ordi·

114 2854 244 2910 uantur.
453 2847 457 2857 '

156 2943 224 3005 Sub
238 2945 299 3006 huc
312 2945 451 3025 generali
466 2933 572 3007 rerum
591 2947 786 3026 acceptione,
802 2943 1051 3024 comprehende·

113 3049 205 3108 retur
223 3044 256 3106 in
271 3044 343 3126 jure
362 3045 516 3126 quidquid
530 3048 646 3123 prater
666 3059 818 3123 personas
837 3042 869 3102 in
888 3041 1052 3121 republica

113 3139 335 3216 adinvenitur;
355 3141 462 3222 itaquo
476 3159 527 3203 res
541 3145 572 3204 et
586 3157 729 3220 personae
748 3137 974 3204 constituerent
987 3135 1051 3198 duo

111 3237 171 3300 illa
184 3237 345 3315 generalia
360 3238 489 3318 soloque
505 3237 629 3317 objecta
642 3233 727 3298 circa
748 3253 818 3317 quae
837 3225 1006 3313 utrumque
1021 3235 1053 3293 et

111 3333 301 3396 universum
313 3333 365 3414 jus
379 3337 568 3396 versarctur.
587 3337 705 3397 Varum
718 3337 785 3394 tum
799 3329 898 3392 civilis
917 3333 984 3391 tum
999 3344 1053 3387 ca-

111 3429 224 3496 nonioi
242 3429 322 3510 juris
337 3432 486 3494 consultis
505 3431 624 3509 placuit
642 3431 834 3510 distinguere
850 3426 965 3503 media,
982 3439 1053 3504 quae

109 3527 252 3612 positive
267 3527 414 3590 ordinant
436 3529 618 3591 societatem
635 3527 668 3589 in
687 3529 793 3603 finem,
814 3544 834 3586 a
851 3523 963 3584 mediis
983 3536 1053 3598 quae

211 3654 277 3695 rou.
297 3654 328 3695 ιι.
951 3637 962 3687 l
