2442 4125
310 323 349 370 cs
371 323 501 372 cancro
520 325 603 372 runis
626 325 783 375 aaronica
954 315 1013 380 ²39

117 471 256 534 Secundi
271 473 396 552 generis
417 475 490 535 snut
510 473 571 535 alia
589 473 831 537 sacramentalia
848 493 919 555 qnae
938 475 1014 540 data

62 568 243 630 occasione
258 566 474 630 conferuntur.

114 665 150 724 3⁰
174 662 285 734 Quoad
312 661 475 743 subjectum
502 665 553 726 cui
575 665 758 727 immediate
781 666 1010 745 applicantur:

61 759 264 836 potestesse
278 758 328 818 vel
343 776 480 836 persona
501 759 551 821 vel
571 777 634 838 res,
659 762 765 838 prouti
785 761 960 825 consistunt
978 764 1012 824 in

60 872 104 914 re
126 853 322 933 permanenti
337 854 387 915 vel
400 854 433 915 in
447 860 520 918 actu
534 857 721 920 transeunti.

110 953 149 1010 4⁰
165 948 275 1021 Quoad
288 947 375 1026 finem
389 950 580 1029 proximum,
597 950 649 1011 hic
663 950 736 1011 finis
750 955 808 1029 eat,
830 952 881 1013 vel
895 953 942 1014 rei
955 957 1010 1015 aut

60 1062 220 1124 personae
237 1044 429 1105 consecratio
444 1045 542 1106 sacris
557 1049 588 1107 et
601 1045 755 1124 religiosis
773 1047 892 1123 usibus,
909 1048 959 1110 vel
976 1055 1012 1109 ut

60 1138 252 1200 actionibus
267 1138 398 1218 alicujus
412 1157 555 1217 personae
571 1141 621 1202 vel
635 1140 707 1200 usui
729 1141 862 1222 alicujus
877 1144 923 1203 rei
943 1147 1010 1205 tan-

60 1242 143 1295 tum
165 1233 362 1315 adjiciantur.
392 1234 488 1294 Primi
508 1235 634 1314 generis
653 1240 727 1299 sunt
746 1258 753 1298 :
775 1237 899 1301 collatio
923 1238 1010 1300 ordi·

61 1347 153 1390 num
179 1329 348 1405 minorum,
380 1334 462 1402 etc.;
492 1330 625 1391 secundi
650 1332 775 1410 generis
802 1351 876 1394 vero
904 1333 1010 1397 unctio

62 1441 199 1504 regum,
216 1424 394 1488 benedictio
413 1424 581 1503 abbatum,
596 1426 775 1492 benedictio
790 1428 929 1504 navium,
946 1433 1006 1488 etc.

63 1615 77 1659 ,tt
105 1609 143 1654 ΙΙ.
162 1609 196 1652 De
212 1579 406 1653 sacramentalibus
424 1615 521 1665 respectu
542 1615 614 1654 status
633 1625 695 1668 quem
713 1611 794 1654 tabent
811 1612 835 1654 in
852 1611 1009 1656 Ecclesiastico

150 1679 337 1730 marascalciam
347 1679 370 1721 in
384 1679 463 1722 ordine
476 1678 506 1722 cd
518 1679 590 1735 finem,
603 1684 649 1723 tion
657 1681 681 1723 ic
690 1681 769 1723 oraim
778 1681 810 1723 cd
818 1693 930 1736 personas.

110 1806 165 1868 ΙΙΙ.
182 1806 220 1868 Et
235 1808 277 1882 1⁰,
294 1805 326 1866 in
349 1804 459 1866 ordine
478 1807 518 1867 ad
538 1806 639 1886 finem,
662 1798 855 1872 considerari
876 1818 1010 1891 possunt

63 1901 314 1963 sacramentalia
323 1901 373 1964 vel
383 1901 416 1961 in
426 1919 555 1981 genere,
564 1903 597 1964 in
607 1909 844 1984 suosystemate
851 1907 1005 1986 generali,

64 1999 178 2080 quoad
194 1998 373 2061 universam
386 1997 568 2077 Ecclesiam,
585 2000 636 2061 vel
650 2001 775 2079 singula
788 2002 821 2063 in
835 2001 946 2065 ordine
966 2003 1007 2065 ad

64 2093 224 2175 singulos.

110 2190 178 2253 Sub
192 2188 294 2267 primo
305 2190 455 2270 adspectu
465 2190 707 2253 sacramentalia
719 2193 848 2253 servant
861 2191 1007 2253 ordinem

64 2284 266 2345 necessitatis
280 2285 312 2345 in
326 2286 432 2363 finem,
450 2304 520 2365 quae
535 2286 705 2347 necessitas
714 2286 1007 2349 habetiundamen-

64 2384 139 2441 tum
153 2380 187 2439 in
201 2378 270 2459 ipsa
283 2380 422 2440 humana
435 2385 559 2465 natura,
586 2398 657 2460 quae
678 2380 704 2440 si
726 2400 785 2460 per
806 2381 943 2443 visibilia
964 2384 1005 2444 ab

64 2477 278 2541 invisibilibus
293 2478 504 2557 abstrahatur,
521 2485 593 2559 eget
607 2480 758 2544 continuo
773 2482 948 2544 visibilibus
958 2502 1006 2545 re·

64 2575 130 2634 bus
155 2578 188 2635 ut
209 2574 250 2635 ad
278 2575 447 2636 invisibilia
466 2580 642 2640 revocetur.
676 2579 800 2653 Quare,
832 2578 864 2637 in
887 2595 1005 2655 genere

66 2670 240 2748 loquendo,
255 2669 326 2747 ipsa
343 2671 414 2733 tinia
429 2670 605 2733 sollicitudo
620 2675 712 2751 urget
726 2675 760 2732 ut
772 2672 921 2751 gencrale
936 2689 1006 2747 sys-

65 2771 157 2827 tema
169 2767 443 2831 sacramentalium
456 2766 489 2827 in
503 2766 644 2827 Ecclesia
656 2766 839 2845 recipiatur,
847 2772 885 2825 ut
897 2766 942 2827 ita
956 2766 1005 2824 ul-

66 2858 139 2920 timi
152 2857 223 2918 finis
237 2859 425 2920 assecutioni
439 2859 559 2919 consuli
574 2859 682 2937 possit.

111 2954 144 3016 Si
159 2973 233 3016 vero
248 2955 485 3015 considerentur
498 2954 623 3033 singula
637 2952 742 3032 quoad
762 2951 913 3031 singulos,
936 2951 1004 3013 nul-

64 3051 134 3111 lam
149 3048 188 3109 de
198 3068 232 3109 ae
242 3050 361 3111 babent
371 3050 599 3125 necessitatem,
612 3048 667 3109 sed
677 3064 827 3127 magnam
837 3046 1003 3107 utilitatem

66 3146 100 3206 in
116 3145 228 3207 ordine
241 3146 282 3207 ad
296 3146 367 3207 iinis
377 3144 616 3207 assecutionem.
631 3143 775 3204 sedeam
784 3143 1003 3204 necessitatem

67 3240 219 3319 quamde
234 3258 268 3301 se
283 3258 345 3301 non
360 3241 488 3316 habent,
506 3243 638 3318 possunt
650 3239 793 3317 recipere
803 3257 842 3298 cx
856 3238 1003 3299 Ecclesiae

67 3337 359 3415 praecepto.0uare
374 3337 424 3399 vel
439 3336 579 3397 Ecclesia
599 3336 726 3396 illorum
739 3332 879 3394 usumin
898 3334 1002 3411 specie

67 3451 131 3495 non
145 3432 300 3511 proeoipit,
317 3436 348 3494 et
361 3436 436 3494 tuuc
450 3432 538 3492 utilia
552 3449 616 3492 non
629 3431 808 3491 necessaria
821 3434 895 3491 sunt
909 3431 950 3491 ad
966 3430 1000 3489 fi-

67 3547 151 3590 nem.
171 3529 205 3590 Si
219 3527 372 3607 praecipit,
387 3546 425 3586 ex
439 3532 596 3606 praeopto
610 3528 664 3589 illo
679 3527 850 3607 quamdam
863 3527 1004 3586 necessi-
