2442 4125
209 288 249 347 '18
419 294 649 342 lasrrrorlortus
669 294 752 340 scats
774 292 929 341 concolor.

211 444 242 502 in
253 441 376 520 porticu
387 438 544 515 exteriori,
559 437 659 498 cilicio
672 436 786 512 induti,
802 439 835 497 et
850 436 955 497 cinere
971 440 1148 516 conspersi,

211 535 252 595 ad
279 533 524 613 ingredientium
551 550 657 612 genua
679 530 944 608 advolvebantur,
973 549 1150 613 eorumque

210 648 320 711 preces
332 629 482 708 lacrymis
496 628 710 707 exspetebant.

250 727 420 788 Audientes
435 726 525 805 quasi
534 741 651 784 noxum
661 724 954 785 catechumenatum
963 725 1046 785 inire
1057 744 1150 807 coge-

210 822 325 883 bantur
346 820 432 899 (nam
453 818 548 915 etiam
567 817 651 877 inter
672 816 915 877 catechumenos
934 816 1060 895 gradus
1085 822 1149 879 erat

210 914 435 993 audientium);
457 914 690 976 catechumenis
708 912 855 990 permixti
873 913 905 972 in
924 912 1088 976 vestibulo
1103 916 1148 977 vel

209 1012 293 1073 intra
312 1013 402 1087 septa
420 1008 565 1069 Ecclesia
585 1006 722 1082 stabant,
744 1008 779 1066 ut
799 1005 945 1067 audirent
963 1007 1146 1086 lectionem,

211 1106 403 1183 concionem,
415 1103 707 1183 interpretationem
722 1104 959 1180 scripturarum,
970 1121 1038 1182 qua
1047 1105 1145 1181 finita,

210 1202 392 1263 solemniter
418 1200 665 1261 dimittebantur.
691 1198 817 1278 Indigui
838 1200 1076 1277 reputabantur
1099 1201 1147 1280 qui

211 1313 283 1357 cum
304 1295 429 1356 crateris
446 1294 591 1354 fidelibus
606 1298 744 1369 orarent,
761 1292 849 1372 digni
867 1296 992 1354 tautum
1006 1294 1065 1373 qui
1079 1312 1146 1355 eum

210 1390 443 1454 catechumenis
458 1389 497 1449 de
511 1390 621 1467 primis
632 1388 781 1451 doctrinae
791 1389 971 1450 christianae
981 1389 1145 1452 elementis

210 1489 428 1561 erudirentur,
457 1504 527 1565 quae
549 1485 745 1547 dedidicesse
764 1485 924 1564 peccando
947 1492 1146 1549 monstrare-

210 1591 290 1649 rant.

251 1681 406 1742 Substrati
425 1680 551 1757 proprio
571 1683 603 1742 et
619 1679 726 1743 stricto
745 1698 840 1741 sensu
858 1679 1061 1743 vocabantur
1080 1702 1144 1761 pce·

209 1779 344 1841 nitentes
368 1778 423 1857 (ita
446 1776 552 1839 stricto
580 1795 674 1838 sensu
702 1768 896 1841 vocabantur
923 1780 1143 1843 catechumeni

208 1874 437 1957 pecasteeteotes,
455 1892 591 1955 quorum
609 1876 728 1955 gradus
746 1877 852 1957 aliquo
870 1876 966 1937 modo
985 1876 1063 1938 huic
1079 1897 1145 1957 poe-

209 1974 374 2036 nitentium
384 1972 496 2053 gradui
509 1973 739 2052 respondebat3
752 1974 792 2033 ad
807 1990 917 2052 preces
931 1971 1018 2033 enim
1032 1974 1145 2035 admit·

208 2072 366 2150 tabantur,
390 2075 422 2137 et
442 2072 599 2154 genuflexi
623 2070 820 2149 accipiebant
842 2088 995 2131 manuum
1017 2071 1143 2152 imposi-

208 2167 320 2244 tiones,
341 2185 397 2246 pro
417 2167 455 2229 iis
474 2167 634 2243 orabatur,
651 2164 737 2244 eta).
759 2166 838 2226 Nam
858 2167 969 2228 flentes
986 2167 1142 2246 peniten-

208 2262 284 2324 tiam
312 2263 538 2341 efflagitabant.
567 2262 741 2325 Audientes
770 2262 811 2322 ad
839 2263 1061 2341 poeoitentiam
1088 2283 1142 2343 per

208 2356 351 2417 auditum
361 2357 434 2418 fidei
449 2359 653 2436 parabantur.
667 2359 822 2422 Substrati
836 2359 1058 2438 poenitentiam
1072 2379 1142 2440 age-

208 2453 296 2512 bant.
313 2452 351 2513 Hi
370 2451 452 2514 intra
472 2455 619 2518 Ecclesia
639 2461 738 2535 septa,
754 2455 811 2517 sed
829 2453 861 2516 in
878 2455 946 2516 loco
962 2475 982 2516 a
994 2456 1142 2518 fidelibus

209 2546 361 2626 sejuncto,
387 2548 419 2610 id
444 2555 507 2628 est,
532 2571 595 2612 non
619 2553 702 2615 ultra
724 2553 892 2614 ambonem
915 2551 1139 2625 morabantur;

209 2643 319 2705 diebus
333 2646 459 2724 synaxis
474 2651 504 2710 et
517 2647 629 2728 jejunii
645 2666 751 2710 eoram
767 2649 912 2712 universo
923 2649 1041 2728 populo
1052 2649 1141 2709 inia-

208 2741 288 2803 ciem
301 2761 334 2804 se
347 2745 599 2823 prosternebant,
612 2752 645 2805 et
658 2745 826 2824 episcopus
836 2764 899 2806 una
908 2763 982 2807 cum
995 2745 1140 2806 sacerdo

207 2840 290 2902 tibus
310 2859 422 2903 manus
444 2841 488 2902 eis
508 2841 702 2920 imponebat,
720 2846 752 2904 et
771 2848 873 2903 certas
894 2841 1053 2903 recitabat
1074 2859 1139 2903 ora-

207 2936 307 2998 tiones
327 2957 498 3018 precesque
520 2937 717 3016 expiatrices,
734 2939 848 3019 quibus
866 2937 981 3000 auditis
1000 2937 1139 3000 dimitte-

206 3031 332 3094 bantur.

246 3131 281 3190 In
305 3131 364 3190 hoc
384 3132 486 3210 gradu
507 3132 624 3194 diutius
644 3134 836 3195 versandum
856 3136 934 3210 erat,
956 3136 988 3195 et
1007 3139 1139 3212 peccata

206 3242 264 3302 per
273 3225 388 3287 multos
397 3226 521 3290 labores
532 3233 563 3291 et
571 3229 660 3291 varia
670 3248 836 3309 poenarum
845 3248 964 3309 genera
974 3229 1134 3305 diluenda,

207 3336 277 3399 qua
299 3337 335 3378 ex
358 3319 495 3400 episcopi
517 3324 677 3386 voluntate
698 3329 730 3385 et
750 3341 908 3386 canonum
928 3325 1066 3400 statutis,
1082 3341 1136 3402 pro

207 3414 356 3495 qualitate
371 3415 536 3479 criminum
550 3423 581 3482 et
601 3439 659 3498 pro
680 3422 768 3483 vario
790 3421 1011 3500 poenitentium
1031 3421 1135 3485 studio

207 3512 502 3591 praescribebantur.
