2442 4125
330 347 368 390 nn
390 346 518 392 osracro
537 348 621 392 ruris
642 347 798 394 canonica
970 341 1029 400 2⁴3

68 493 172 552 illuc
197 491 345 553 affluebat
373 493 470 553 sacris
491 500 669 572 operatura,
698 502 730 557 et
757 495 847 574 cujas
868 499 1028 562 materiale

68 588 175 648 illud
190 586 356 648 aediticium
379 586 481 666 figura
496 595 527 650 et
550 589 728 670 symbolum
743 595 896 656 existebat
918 612 1029 657 secun·

71 685 172 744 dum
188 685 272 760 quod
287 700 371 760 saepe
395 684 426 744 in
442 684 601 763 scripturis
621 689 795 750 Ecclesiam
808 691 865 750 Dei
886 692 1028 754 videmus

71 778 249 841 materiali
278 779 409 840 aedificio
433 784 657 860 comparatam.
684 785 801 844 lienum
824 785 1028 848 ecclesiarum

72 874 247 936 distinctis
270 875 473 954 paragraphis
496 876 641 939 indicabo
658 896 666 938 t
684 883 715 940 1ο
730 879 878 954 sormam,
901 886 934 944 2⁰
957 899 1027 962 spe·

73 971 170 1048 cies,
186 972 219 1031 3⁰
235 972 444 1035 sanctitatem.
732 989 736 995 ’

379 1134 392 1181 fl
407 1129 429 1174 1.
443 1143 472 1175 ns
487 1141 566 1176 sensa
580 1141 749 1178 accamanus.

125 1239 188 1300 Ill.
208 1239 318 1300 Primae
333 1239 573 1301 christianorum
593 1241 732 1303 ecclesia
745 1241 854 1307 termas
869 1245 1028 1326 simplices

76 1341 115 1396 et
132 1333 270 1394 modicae
294 1331 390 1397 luisse
405 1336 560 1412 videntur,
586 1338 697 1415 quales
720 1339 863 1402 videlicet
884 1341 1026 1404 fidelium

76 1435 273 1513 paupertas,
310 1433 450 1511 pancitas
478 1437 511 1495 et
544 1434 818 1498 formidolosorum
845 1444 1026 1518 temporum

77 1531 172 1592 ratio
187 1528 374 1607 patiebatur.
392 1529 454 1590 Sed
467 1535 559 1592 aucta
572 1531 710 1592 Ecclesia
724 1531 870 1593 fidelibus
884 1541 915 1594 et
939 1534 1026 1594 obla-

81 1623 241 1701 tionibus,
258 1625 394 1686 extincta
408 1625 568 1686 christiani
582 1627 718 1686 nominis
732 1625 857 1702 invidia,
873 1625 1027 1687 acceden-

79 1719 176 1780 tibus
190 1719 299 1781 adictis
321 1718 557 1798 imperatorum,
574 1721 614 1782 da
639 1721 761 1801 templis
775 1720 970 1784 ethnicorum
994 1722 1024 1782 in

82 1813 233 1878 ecclesiis
248 1815 464 1877 convertendis
479 1819 511 1879 et
524 1817 698 1894 prasertim
711 1817 907 1878 Constantini
918 1819 1027 1898 magni

82 1913 254 1990 pietates
277 1927 339 1988 quo
359 1919 485 1990 sumptu
505 1913 591 1990 regio
615 1912 915 1974 munificentissimae
939 1914 1024 1976 aedes

84 2023 190 2073 sacrae
206 2005 345 2069 excitatae
361 2009 444 2085 sunt,
469 2007 731 2090 splendidissimae
747 2016 932 2072 constructae
954 2015 1026 2071 sunt

84 2102 250 2165 Ecclesia.
276 2104 331 2163 He
345 2104 519 2182 prasertim
540 2104 710 2184 ampliores
732 2104 875 2182 pluribus
897 2113 1023 2167 consta-

85 2200 168 2261 bant
181 2197 334 2274 partibus,
350 2215 485 2275 quarum
506 2199 574 2281 alie
590 2198 754 2261 interiores
775 2199 918 2262 videlicet
941 2200 1024 2263 intra

86 2293 239 2372 parietes,
255 2292 324 2354 aliae
345 2294 515 2356 exteriores
529 2310 598 2373 quae
620 2294 790 2373 parietibus
803 2312 868 2359 non
886 2296 1026 2361 include·

87 2390 219 2453 bantur.
320 2386 330 2401 “

128 2484 241 2545 Partes
254 2482 409 2546 interiores
423 2487 513 2546 erant
532 2502 539 2544 :

130 2584 164 2642 l⁰
186 2580 324 2642 Nartem
338 2599 394 2643 seu
415 2580 527 2653 ferula,
542 2580 575 2642 id
597 2589 731 2661 estpars
752 2584 898 2663 oblonga,
915 2589 947 2647 et
969 2603 1025 2645 an·

91 2681 184 2755 gusta
199 2697 238 2739 ex
251 2684 429 2739 transverso
447 2678 558 2739 frontis
572 2680 711 2740 ecclesias
733 2679 785 2739 ubi
800 2680 958 2760 degebant
979 2681 1027 2738 in·

92 2772 212 2849 fideles,
238 2774 388 2846 haretici,
415 2776 634 2836 catechumeni
655 2779 687 2836 et
710 2774 899 2853 poenitentes
923 2774 1023 2835 ultimi

93 2868 211 2929 ordinis
226 2876 260 2930 ut
272 2870 438 2930 conciones
452 2871 607 2931 audirent.

132 2969 165 3026 2⁰
180 2958 207 3027 Α
226 2967 375 3028 nartheca
389 2966 480 3045 lignis
495 2967 683 3045 quibusdam
698 2968 857 3046 repagulis
867 2973 1022 3044 separata,

94 3062 284 3139 sequebatur
298 3062 390 3138 navis,
407 3082 479 3140 pars
495 3082 534 3124 ea
547 3064 693 3125 videlicet
706 3065 758 3124 ubi
773 3063 874 3123 fidelis
888 3065 1024 3143 populus

96 3151 190 3211 sacris
205 3152 356 3226 internat;
383 3157 532 3234 repagula
546 3157 730 3217 dicebantur
752 3161 849 3234 porte
873 3157 968 3235 regia
993 3166 1025 3220 et

96 3248 252 3323 speciosa.
269 3251 303 3310 ln
320 3249 391 3309 navi
406 3268 463 3311 sua
483 3256 570 3313 erant
590 3253 704 3329 cuique
719 3252 848 3314 definita
869 3255 939 3315 loca
956 3257 1025 3335 qui-

96 3336 153 3397 bus
164 3339 433 3419 distinguerentur
454 3344 642 3420 poeuitentes
665 3363 684 3403 a
707 3346 1021 3426 communicantibus,

98 3450 196 3495 mares
210 3454 228 3495 a
242 3424 391 3507 foeminis,
405 3438 543 3517 virgines
557 3457 576 3498 a
589 3441 707 3518 nuptis,
724 3446 868 3506 monachi
884 3464 902 3505 a
921 3463 1024 3506 saecu-

97 3528 220 3591 laribus
236 3534 270 3593 ln
285 3532 391 3593 media
404 3535 475 3595 navi
490 3537 558 3596 erat
578 3535 663 3596 amto
677 3555 732 3599 sau
756 3538 843 3601 locus
859 3540 961 3601 editus
983 3540 1024 3598 ad
