2442 4125
207 269 266 329 320
413 281 641 328 memoriosus
661 281 744 328 rusrs
766 281 921 330 cluoruor.

206 428 327 502 verant,
350 423 394 486 ita
416 423 590 503 majoribus
614 424 792 488 christiana
811 426 972 489 eharitatis
991 429 1140 492 associati

205 522 406 583 remanerent
414 519 540 581 mortui.
553 518 604 580 Sic
617 519 749 581 ecelesia
762 519 1140 600 materialis,'symbolum

205 617 353 680 Ecclesiae
386 615 574 695 spiritualis,
609 615 791 678 universam
824 614 1018 694 Ecclesiam,
1047 635 1141 696 quam

205 714 328 776 omncs
343 712 501 792 peperiret
513 712 579 772 sive
594 728 634 772 ea
646 711 806 788 militaret,
822 712 887 774 sive
897 718 1065 792 purgaret,
1077 713 1139 776 sire

204 810 415 889 triumpharet
416 852 479 871 .....
495 810 748 886 repraesentaret.

245 905 308 966 Sed
330 907 434 967 tractu
459 904 622 982 temporis,
641 903 688 987 ¹ob
712 919 869 964 summam
896 903 1139 966 venerationem

204 1019 268 1081 qua
281 1001 381 1062 sortiti
395 999 510 1061 suntin
519 999 659 1061 Ecclesia
667 998 839 1077 regulares,
851 1003 1019 1078 coeperunt
1029 1001 1141 1062 fideles

203 1096 396 1174 regularium
416 1093 571 1156 Ecclesiae
594 1094 744 1156 adamare
771 1112 837 1173 prae
860 1095 1009 1156 Ecclesiis
1033 1098 1140 1159 eathe·

140 1207 144 1212 ’
204 1191 344 1251 dralihus
367 1194 398 1251 et
418 1190 663 1268 parochialibus,
686 1195 718 1252 et
738 1190 830 1252 simul
849 1208 906 1268 pro
922 1191 1096 1254 devotione
1111 1197 1139 1256 et

204 1282 380 1363 frequentia
394 1301 489 1363 quam
503 1284 567 1346 rivi
582 1286 762 1347 hahuerunt
780 1302 856 1365 erga
874 1284 1025 1347 ecelesias
1045 1306 1138 1367 regu·

202 1383 295 1458 lares,
319 1398 378 1461 pru
400 1380 616 1458 veneratione,
640 1382 847 1446 aestimatioue
862 1401 957 1462 quam
975 1384 1139 1446 habebant

203 1478 275 1540 vitae
290 1475 483 1557 regularium
499 1479 608 1556 optare
631 1482 666 1541 ut
679 1480 711 1539 in
724 1479 850 1540 illorum
862 1478 1013 1540 Ecclesiis
1033 1484 1138 1542 tumu-

201 1575 353 1651 larentur,
378 1574 438 1636 rati
459 1573 504 1635 ita
530 1574 632 1653 magis
652 1574 778 1635 illorum
801 1573 997 1636 orationibus
1024 1576 1136 1655 quibus

202 1667 523 1746 tantoperefidebant,
533 1666 748 1729 commendari
756 1684 859 1748 posse.
870 1667 960 1729 Unde
968 1685 1135 1748 promana-

202 1766 275 1826 runt
288 1764 381 1842 plura
398 1762 980 1844 indultaetprivilegiapontiflciaquae
996 1765 1135 1845 primum

201 1857 423 1936 Dominicauis‚
449 1857 563 1920 deinde
586 1859 853 1921 Francisoanis....
875 1859 1007 1922 taudem
1032 1862 1135 1924 Eccle-

201 1955 255 2016 siis
268 1953 404 2016 aliorum
418 1953 622 2034 regularium,
638 1953 930 2017 confraternitatum
941 1958 974 2018 et
988 1959 1134 2020 omnibus

200 2049 1135 2130 Ecclesiistumulaudijuraconcesserunt,servatistantum

200 2145 359 2211 nonnullis
373 2146 478 2227 quoad
495 2145 672 2225 portionem
691 2147 905 2224 pecuniariam
918 2149 1134 2212 Paroehorum

201 2245 239 2304 de
264 2261 327 2321 qua
349 2260 446 2320 supra
469 2247 574 2303 actum
596 2244 655 2319 est,
680 2244 711 2303 et
729 2242 888 2304 nonnullis
907 2242 1015 2323 quoad
1036 2246 1133 2325 quali-

199 2340 296 2397 tatem
318 2338 390 2411 loci,
407 2338 461 2398 ubi
484 2338 655 2417 sepultura
678 2337 818 2399 fidelium
842 2338 970 2416 dantur,
986 2339 1133 2403 videlicet

200 2431 284 2512 quod
298 2431 339 2493 sit
355 2431 444 2493 locus
463 2450 563 2510 sacer,
588 2434 676 2496 loeus
695 2433 728 2493 in
749 2450 825 2513 quo,
849 2434 907 2497 etei
920 2435 1037 2514 rarius,
1055 2437 1131 2498 eale

197 2528 745 2609 hrauturtameudivinamysteria.
909 2588 911 2592 .

160 2676 163 2685 .
238 2628 298 2688 Pro
323 2627 383 2689 hac
404 2626 530 2706 optione
562 2625 701 2697 habendi
721 2626 899 2705 sepulturas
925 2628 960 2687 in
985 2627 1130 2691 Ecclesiis

98 2736 102 2741 ’
199 2741 277 2805 quas
293 2722 362 2805 quis
372 2722 581 2801 praelegerit,
594 2726 760 2801 coeperunt
773 2721 915 2783 nonnulli
930 2740 996 2785 non
1009 2728 1132 2786 tautum
1219 2718 1220 2763 ἶ

197 2820 275 2898 sibi,
301 2818 358 2881 sed
380 2820 412 2879 et
435 2818 499 2879 suis
520 2821 552 2880 et
570 2815 750 2880 heredibus
773 2817 925 2897 speciales
954 2820 1132 2898 sepulturas

197 2920 229 2978 in
243 2918 312 2979 loco
328 2932 423 2998 quem
437 2918 608 2993 optassent,
626 2919 781 2989 extruere,
800 2913 928 2993 eligere,
949 2916 1127 2994 acquirere.

197 3012 287 3075 Unde
308 3014 385 3074 ortae
408 3014 482 3073 sunt
499 3010 667 3089 sepulturae
695 3008 882 3087 familiares,
898 3010 1128 3087 Haereditariae‚

196 3106 300 3169 Mixtae
318 3125 325 3167 :
342 3103 528 3180 Familiares,
546 3121 625 3184 quas
643 3103 755 3183 aliquis
770 3103 830 3165 sihi
845 3107 876 3166 et
893 3103 1023 3167 familiae
1043 3123 1130 3167 cous-

195 3200 294 3274 tituit3
317 3198 526 3261 Herediturioe
548 3216 627 3279 quas
651 3198 783 3278 quisque
804 3198 864 3259 sibi
885 3201 916 3261 et
931 3198 1126 3271 haeredihus3

196 3293 312 3371 Mateta,
329 3313 407 3375 quas
430 3296 621 3374 haeredibus‚
637 3298 691 3379 qui
712 3298 774 3360 sint
795 3298 834 3360 de
852 3296 981 3361 familia.
1000 3301 1127 3362 Necnon
1218 3378 1219 3381 Ἴ

195 3402 253 3463 pro
267 3387 427 3451 voluntate
440 3391 644 3454 fundatorum
664 3396 695 3455 et
707 3411 764 3471 pro
786 3393 883 3457 titulis
906 3394 1126 3459 fundationum

196 3477 283 3537 varie
297 3478 365 3539 haec
375 3482 449 3557 jura
461 3486 643 3549 modificata
657 3491 738 3551 suut.
756 3488 832 3551 Inde
847 3492 926 3553 ortoe
941 3493 1016 3552 suut
1026 3489 1126 3570 sepul·
1218 3546 1219 3577 ,
