2442 4125
313 291 351 335 nn
372 289 501 337 cornero
521 290 603 337 ronrs
625 289 781 337 cesorum.
974 277 1011 337 13

77 436 277 511 christianos,
294 435 356 496 alia
370 441 443 495 sunt
457 453 527 514 qnae
546 434 665 496 hubent
682 433 825 496 ordinem
843 434 1013 496 necessita-

76 534 128 609 tis,
145 531 208 593 alia
221 550 296 593 vero
311 550 381 611 quae
397 537 524 593 servant
537 531 681 593 ordinem
691 550 779 611 pura
789 531 1011 612 contingentia

76 648 154 709 arga
176 630 283 689 tinem.
309 626 433 689 Habent
456 628 599 689 ordinem
622 646 710 707 purae
733 628 955 708 contingentiae
978 630 1011 690 in

76 725 188 787 ordine
209 724 249 784 ad
267 724 339 784 finis
358 723 597 800 assecutionem,
615 743 654 785 ea
667 728 865 786 sacramenta
878 744 949 806 quse
963 727 1012 788 di-

75 821 194 883 rectius
208 826 239 881 et
253 819 455 898 principalius
466 837 524 900 pro
535 820 618 881 bono
628 822 724 882 totins
738 820 896 883 societatis
910 822 1013 881 ecele-

76 919 211 980 siasticae
227 934 323 995 quam
337 932 394 993 pro
409 915 493 977 hono
507 915 704 995 singulorum
719 916 875 978 fuerunta
887 916 1010 978 Christo

75 1010 229 1071 instituta.
257 1010 376 1084 Quare,
406 1008 580 1087 generatim
607 1009 784 1089 loquendo,
813 1008 1010 1071 individuum

76 1109 144 1169 sine
159 1123 216 1166 suo
230 1104 358 1184 speciali
378 1104 493 1167 damno
509 1104 549 1165 ab
567 1104 606 1165 iis
625 1108 728 1183 potest
745 1104 913 1165 abstinere.
931 1106 1012 1167 Sunt

76 1202 146 1263 haec
165 1202 362 1260 sacramento
382 1198 456 1275 duo,
476 1214 588 1278 nempe
610 1198 687 1260 ordo
711 1206 743 1260 et
761 1200 1008 1278 matrimonium,

76 1314 213 1378 quorum
227 1295 307 1355 alter
319 1292 480 1357 institutus
493 1298 541 1357 est
557 1301 592 1357 ut
607 1296 800 1357 Ecclesiam
815 1302 904 1374 perte
918 1296 1011 1374 spiri-

75 1392 165 1467 tuali,
191 1391 325 1452 alterum
348 1406 424 1450 vero
448 1407 486 1449 ex
509 1392 598 1468 parte
626 1406 778 1467 corporea
801 1392 833 1451 et
856 1388 1010 1451 materiali

75 1490 318 1568 propagaretur.

114 1586 185 1657 Quo
198 1586 235 1645 ot
247 1581 288 1643 ab
302 1580 444 1643 Ecclesia
456 1581 613 1643 neminem
626 1580 696 1660 cogi
711 1580 753 1642 ad
771 1580 957 1641 alterutrum
972 1598 1011 1639 ex

24 1715 26 1718 -
76 1681 124 1741 his
139 1677 344 1741 sacrementis
358 1676 588 1755 recipiendum
605 1677 646 1738 eb
657 1676 797 1737 Ecclesia
810 1674 946 1737 aliorum
959 1692 1011 1735 sa-

76 1776 311 1835 cramentorum
331 1773 562 1852 susceptionem
582 1772 682 1834 foveri
704 1775 736 1834 et
757 1772 878 1851 urgeri,
904 1770 1010 1850 quoad

77 1873 144 1932 haec
164 1870 227 1931 duo
247 1869 353 1949 eliqua
372 1867 599 1946 impedimenta
617 1868 732 1946 apponi
748 1886 787 1927 ne
805 1867 1008 1947 recipiantur,

77 1984 175 2045 quum
191 1982 303 2042 nempe
317 1964 423 2025 decori
439 1963 626 2024 sacramenti
641 1966 673 2023 et
684 1964 768 2024 bono
783 1962 942 2023 societatis
955 1960 1010 2019 ali-

78 2062 162 2140 quod
177 2062 399 2121 detrimentum
414 2065 519 2138 posset
537 2059 714 2134 imminere,
731 2058 757 2118 si
777 2062 1011 2118 sacramentum

77 2155 181 2233 ipsum
194 2154 414 2232 susciperetur.
432 2155 507 2225 Ouae
521 2152 748 2232 impedimenta
766 2151 799 2211 in
818 2167 914 2210 causa
928 2146 1011 2209 ordi-

51 2254 54 2260 '
77 2247 124 2306 uis
139 2246 220 2307 sacri
235 2247 392 2324 singulare
407 2264 522 2307 nornen
537 2247 656 2307 habent
669 2245 702 2306 in
717 2245 790 2326 jure
812 2265 818 2306 :
836 2242 1011 2331 irrepulori·

78 2351 157 2404 tates.
175 2343 333 2404 Ganoniea
348 2343 416 2403 haee
429 2343 655 2422 impedimenta
674 2341 821 2404 ordinum
838 2340 1009 2418 susceptio-

78 2455 148 2495 nem
175 2441 232 2496 aut
259 2435 441 2497 exercitium
469 2435 648 2514 prohibent.
678 2435 907 2515 Impedimenta
933 2450 1008 2494 vero

77 2529 272 2593 matrimonis
293 2531 436 2610 apposita
456 2531 616 2610 singulare
631 2547 744 2592 nomen
758 2549 821 2591 non
841 2530 959 2591 hahent
977 2527 1008 2586 in

74 2622 155 2704 jure,
179 2626 236 2686 sed
252 2625 488 2705 distinguuntur
505 2628 538 2686 in
560 2626 785 2706 impedimenta
805 2623 1009 2703 impedientia

78 2723 108 2780 et
122 2722 312 2799 dirimentis,
328 2741 440 2802 nempe
456 2742 526 2803 quae
540 2725 732 2786 matrimonii
748 2726 946 2786 contractum
958 2719 1009 2780 vel

77 2818 217 2881 illicitum
241 2821 292 2882 vel
314 2822 410 2882 etiam
431 2823 554 2896 irritum
581 2824 727 2885 reddunt.
758 2819 1009 2900 irregularitates
1090 2817 1096 2825 '

77 2933 162 2989 vcro,
179 2917 294 2996 quippe
316 2935 386 2996 quae
408 2935 466 2978 neo
485 2918 620 2980 formam
640 2936 698 2978 nee
715 2915 881 2978 materiam
902 2929 1010 2974 sacra·

78 3009 173 3068 menti
183 3010 301 3070 ordinis
310 3014 455 3092 tangunt,
469 3011 500 3070 in
510 3011 613 3091 gradu
627 3010 923 3089 impedimentorum
934 3005 1010 3066 sirn-

78 3103 198 3180 pliciter
209 3107 447 3184 impedientium
462 3107 665 3169 collocantur.

118 3201 226 3262 Cetera
248 3207 447 3264 sacramenta
470 3205 587 3265 habent
615 3203 710 3276 etiarn
738 3202 843 3284 quoad
868 3203 1009 3282 singulos

79 3293 218 3356 ordinem
233 3297 427 3359 necessitatis
448 3298 480 3358 in
500 3300 606 3374 finem,
624 3299 679 3360 sed
699 3316 761 3360 non
776 3299 883 3361 omnia
896 3297 1009 3359 eodem

80 3389 181 3451 modo.
207 3393 287 3452 Nam
310 3391 373 3454 duo
397 3397 470 3456 sunt
492 3401 690 3457 sacramenta
711 3415 782 3478 quae
804 3395 1008 3456 intrinsecam

82 3481 185 3549 dicunt
198 3489 416 3552 necessitatem
431 3508 487 3570 pro
502 3491 573 3552 finis
588 3493 795 3571 assecutione,
809 3495 853 3557 ita
864 3498 899 3554 ut
911 3509 1008 3570 praes-
