2442 4125
313 330 353 375 ns
374 330 504 377 opsecro
524 329 607 377 roms
629 330 785 377 cinnami.
960 322 1015 379 ltt't

73 494 151 558 quae
165 476 193 537 si
205 475 473 555 fuissetprsevisa,
489 492 552 537 non
574 474 707 537 luissent
727 475 833 555 sponsi
854 476 886 537 in
908 477 1018 539 matri-

71 572 220 634 monium
234 572 438 646 oonsensuri3
453 576 486 632 l⁶
501 570 667 634 oscitantia
680 572 862 633 eelebraudi
872 578 1015 653 tempore

71 668 232 748 legitimo.

117 767 159 825 A.
175 797 217 809 —
228 763 273 825 De
288 770 389 824 mutuo
401 762 539 825 dissensu.
556 764 683 826 Mutuus
697 764 857 827 dissensus
871 764 1016 828 oondde-

72 864 144 925 rari
155 867 260 943 potest
274 867 304 925 1⁰
320 864 360 925 ab
374 864 462 926 initio
477 865 671 939 eontraotus;
688 868 719 925 2⁰
732 867 804 943 post
818 868 1014 926 contractum

73 960 265 1039 perfeetum.

118 1059 152 1116 1⁰
171 1055 220 1116 Ab
239 1055 324 1115 initio
341 1062 505 1116 renouatus
525 1056 658 1117 solvitur
677 1061 787 1118 mutuo
808 1054 963 1128 dissensu.
988 1055 1014 1117 si

73 1151 218 1212 conditio
242 1154 397 1214 conventa
417 1150 475 1229 sit,
497 1151 548 1213 vel
569 1152 637 1213 dies
657 1150 800 1231 adjeotns
822 1150 1013 1231 perimendas

74 1246 280 1326 obligationis
296 1264 401 1308 oausa.

116 1344 154 1402 ln
176 1342 375 1421 sponsalibus
397 1343 598 1421 impuberum
619 1342 701 1404 inest
721 1343 819 1405 tacita
839 1342 977 1405 eonditio
1004 1362 1010 1402 :

74 1437 139 1497 nisi
152 1436 225 1497 lauti
248 1438 385 1515 puberes
402 1437 602 1500 resiliverint.
621 1438 711 1499 Ratio
731 1447 778 1499 est
793 1437 904 1518 J'udioii
918 1437 1014 1497 lubri-

75 1531 158 1592 oitas
182 1535 214 1592 et
233 1531 454 1595 ineonstantia.
478 1534 524 1593 lta
543 1534 576 1593 vi
595 1533 690 1614 legis,
715 1533 834 1594 babent
853 1531 1014 1611 adjectum

74 1628 161 1687 diem
176 1627 386 1707 adimplenda
400 1629 601 1707 obligationis
615 1646 722 1706 cause,
740 1628 886 1689 videlieet
899 1626 1013 1706 puber·

73 1730 186 1786 tatem.

115 1824 149 1880 2⁰
164 1821 239 1880 Post
252 1819 357 1879 initum
372 1829 572 1883 contractum:
593 1821 751 1900 siqnidem
774 1820 818 1882 nil
837 1824 902 1883 tum
923 1824 1011 1882 natu-

75 1917 143 1977 rale
157 1919 206 1977 est
220 1920 255 1978 ut
268 1934 319 1977 res
333 1934 371 1977 eo
385 1918 480 1978 modo
495 1936 558 1997 quo
573 1917 721 1996 eolligata
735 1924 793 1993 est,
810 1916 1010 1990 dissolvatur,

75 2013 250 2075 dummodo
274 2030 336 2074 non
360 2014 404 2075 ita
425 2012 524 2094 ligata
546 2015 604 2090 est,
630 2016 666 2075 ut
688 2011 766 2074 solvi
791 2012 926 2092 amplius
949 2028 1012 2070 non

74 2111 184 2188 possit,
203 2113 238 2171 ut
251 2110 497 2172 matrimonium.
521 2109 659 2171 Proinde
678 2125 786 2171 omnes
806 2107 1012 2186 obligationes

76 2224 149 2285 quae
163 2210 272 2266 mutuo
288 2223 443 2267 consensu
457 2206 702 2282 contrahantur,
720 2203 857 2265 nisaeus
877 2205 1010 2279 constet,

74 2306 185 2361 mutuo
202 2299 344 2362 dissensu
360 2301 534 2364 solvuntur.

114 2396 299 2458 Dubitatum
314 2402 363 2459 est
375 2416 415 2458 an
435 2397 558 2478 possint
577 2401 687 2461 mutuo
709 2415 864 2460 consensu
884 2395 1011 2460 dissolvi

74 2492 235 2569 sponsalia
241 2493 414 2577 juramento
426 2494 572 2556 firmata?

114 2583 179 2646 Sed
193 2602 267 2645 oum
277 2585 502 2666 jusjurandum
516 2603 579 2647 non
593 2586 739 2648 immutet
757 2589 903 2646 naturam
922 2588 1010 2645 aetus

74 2681 124 2741 eui
140 2681 266 2756 assidit,
283 2681 308 2742 si
324 2681 455 2743 aoeedat
468 2681 592 2743 solubili
607 2681 802 2761 obligationi,
820 2680 930 2740 obesse
946 2695 1009 2738 non

72 2781 179 2857 potest
192 2766 360 2856 qunminu’s
374 2778 526 2855 solvatur,
541 2777 617 2840 lieet
630 2779 655 2839 si
670 2795 732 2840 non
752 2778 902 2851 solvatur,
921 2773 1011 2852 jura-

72 2870 172 2930 menti
186 2870 339 2950 religione
356 2870 452 2932 etism
471 2870 650 2932 detineatur
664 2871 717 2949 qui
728 2867 849 2948 juravit
862 2868 897 2925 ut
911 2863 1009 2924 adim-

73 2964 170 3041 pleat.

112 3060 251 3122 Remitto
265 3064 372 3122 antem
385 3061 540 3141 superiori
554 3061 727 3139 disciplina
748 3059 954 3138 questionem
969 3074 1009 3118 an

67 3157 294 3237 jusjurandum
307 3157 479 3236 aliquando
494 3175 557 3219 non
572 3157 783 3219 aooessorium
797 3156 847 3233 sit,
859 3155 916 3217 sed
925 3157 1010 3235 prin-

70 3255 188 3332 eipale;
206 3255 267 3315 boo
281 3257 366 3316 enim
380 3255 669 3317 exoederetlimites
682 3253 927 3317 Institutionum.

110 3351 148 3410 B.
164 3383 206 3396 -
220 3350 461 3428 Impedimeutum
475 3351 690 3431 superueniens.
707 3353 741 3411 ln
754 3369 871 3431 genere
882 3353 1008 3431 quando

71 3466 122 3508 res
135 3446 248 3508 inuidit
262 3447 295 3506 in
310 3465 383 3508 eum
398 3465 506 3509 ossum
520 3467 540 3510 a
553 3465 617 3526 quo
631 3447 771 3526 insipere
791 3467 852 3510 non
872 3453 1006 3529 poterat,

71 3543 232 3622 sponsalia
245 3544 426 3618 solvuntur3
444 3545 531 3625 atqui
547 3563 619 3606 cum
638 3545 865 3624 impedimento
884 3545 924 3604 ad
945 3561 1009 3602 ms·
