2442 4125
174 320 194 379 8
388 334 615 383 msmsorrouns
635 336 717 383 suuis
739 336 896 383 esnourci.

214 487 243 547 2.
268 480 414 560 Episcopi
436 478 550 561 aliique
571 479 692 560 praelati
714 479 916 543 ecclesiastici
937 480 1107 561 episcopali

175 579 350 663 gaudentes
365 576 562 654 auctoritate,
579 595 616 638 eo
634 578 702 656 ipso
722 579 806 657 quod
821 583 895 642 sunt
912 579 1038 641 illarum
1052 597 1109 658 pe-

175 677 340 745 culiarium
360 675 563 739 ecclesiarum
580 680 724 757 pastores
743 678 904 756 ordinarii,
921 680 1039 741 habent
1060 696 1109 740 or·
1164 742 1168 750 ,

176 776 333 845 dinanum
353 774 406 855 jus
434 771 568 835 docendi
595 774 863 856 praedicundique‚
893 779 999 837 tamen
1026 776 1110 836 intra

176 875 295 957 proprii
316 872 464 936 territorii
485 871 599 935 limites
622 872 814 935 conclusum.
837 875 903 935 Hoc
923 872 975 952 jus
997 875 1029 934 et
1048 872 1108 951 ipsi

177 990 323 1035 exercere
343 971 475 1050 possunt
495 974 526 1030 et
547 968 664 1031 debent
683 970 734 1031 vel
756 988 812 1049 per
831 988 865 1031 se
886 971 937 1031 vel
956 988 1014 1048 per
1031 970 1110 1031 alias

176 1069 306 1131 idoneas
329 1084 490 1147 personas,
514 1065 621 1145 prouti
642 1066 751 1129 statuit
773 1065 940 1128 concilium
964 1064 1111 1128 tridenti-

177 1184 264 1244 num,
279 1183 357 1227 sess.
374 1166 517 1241 1v,c.t;
536 1181 613 1225 sess.
630 1179 716 1241 xxrv,
733 1182 761 1225 o.
779 1165 828 1226 lt.
950 1242 952 1246 ι

217 1263 247 1323 3.
264 1259 409 1335 Perochi,
426 1257 546 1338 soipso
561 1257 693 1335 quadiu
708 1275 762 1319 eos
780 1255 887 1335 aliqua
903 1273 977 1335 pers
996 1254 1112 1317 sollici-

177 1354 294 1418 tudinis
314 1354 481 1436 pastoralis
502 1353 742 1429 transfunditur,
768 1352 933 1413 inordina
957 1351 997 1412 ad
1021 1368 1111 1430 paro-

179 1451 309 1513 chianos
329 1468 402 1512 suos
424 1454 455 1513 et
477 1449 536 1528 ipsi
557 1447 630 1529 jure
650 1450 791 1529 gaudent
810 1448 970 1511 ordinario
991 1466 1113 1510 annun·

178 1546 500 1611 tiundiillisverbum
514 1544 581 1605 Dei.
706 1547 712 1557 “

219 1647 248 1704 t.
266 1643 368 1705 Ceteri
383 1641 489 1702 elerici
503 1658 623 1718 omnes,
640 1642 755 1720 quippe
774 1659 812 1701 ex
830 1643 898 1703 sola
914 1640 1112 1706 ordinatione

180 1752 270 1795 sacre
293 1734 412 1794 nullam
435 1733 609 1794 sortiuntur
628 1730 879 1809 jurisdictionem
904 1735 936 1795 in
958 1734 1110 1810 Ecclesia,

180 1830 225 1890 sic
239 1846 296 1907 per
309 1847 343 1889 se
357 1829 443 1890 nullo
456 1828 526 1909 jure
542 1828 736 1907 praedicandi
746 1831 895 1908 gaudent.
909 1830 971 1892 Sed
984 1847 1112 1891 necesse
1213 1869 1214 1874 κ

180 1932 228 1987 est
248 1928 283 1988 ut
303 1924 363 1986 illis
383 1925 424 1986 ab
447 1925 593 2003 episcopo
614 1925 787 2006 delegetur,
804 1946 866 1988 nou
885 1945 975 1987 secus
991 1944 1030 1987 uc
1044 1926 1114 2005 ipsa

176 2021 364 2105 jurisdictio.
389 2024 491 2096 Quare
513 2009 666 2086 statutum
687 2027 735 2086 est
755 2029 790 2085 ut
810 2023 942 2085 clericus
963 2024 1113 2086 secularis

180 2137 242 2182 non
257 2122 356 2201 possit
369 2120 543 2201 praedicare
558 2119 626 2181 sine
640 2119 780 2198 episcopi
792 2120 935 2194 lieentia;
959 2119 1114 2200 regularis

180 2230 266 2287 vero,
284 2215 309 2274 si
329 2215 362 2274 in
383 2214 523 2275 Ecclesia
545 2212 593 2272 sui
615 2213 745 2290 ordinis,
767 2212 901 2292 accipiat
918 2213 1077 2275 licentiam
1094 2231 1115 2272 a

181 2323 238 2368 suo
252 2308 398 2386 praelato;
416 2309 441 2369 si
456 2309 518 2369 ulia
532 2307 564 2369 in
575 2307 715 2369 Ecclesia
723 2311 791 2371 tum
801 2326 821 2369 a
830 2310 960 2388 praelato
975 2325 1032 2368 suo
1045 2311 1116 2371 tum

182 2400 222 2462 uh
237 2401 384 2480 episcopo
398 2401 557 2466 licentiam
571 2401 716 2482 accipiat,
733 2421 791 2483 pro
805 2403 922 2483 duplici
942 2405 1025 2464 statu
1039 2402 1117 2463 sub-

178 2495 324 2576 jectionis
338 2498 370 2558 in
385 2515 481 2577 quam
495 2498 589 2560 cadit.

221 2598 251 2656 5.
281 2595 404 2671 Laicus,
430 2594 546 2674 quippe
562 2611 629 2673 ¹pro
657 2612 715 2656 suo
737 2598 821 2657 statu
844 2594 989 2657 subditus
1011 2597 1059 2657 est
1082 2592 1117 2653 in

182 2689 332 2766 Ecclesia,
351 2707 409 2751 nec
430 2689 470 2751 ad
492 2689 670 2750 docendum
689 2690 971 2769 gubernandumve
990 2688 1118 2751 ordina·

49 2801 58 2822 ⁴
182 2790 252 2861 tus,
278 2805 297 2847 a
319 2785 416 2848 verbo
439 2783 496 2846 Dei
520 2783 736 2846 annuntiando
760 2785 917 2848 ordinarie
938 2785 1118 2847 excluditur

184 2878 322 2940 omnino.

575 3003 679 3056 CAPUT
696 3005 727 3056 ll.

505 3128 541 3165 ns
561 3127 797 3166 successuris.

223 3247 247 3306 l.
271 3248 487 3322 Sacramenta,
509 3244 539 3304 in
561 3242 799 3323 generalissima
819 3244 1013 3324 acceptione,
1037 3247 1119 3309 nihil

183 3341 269 3404 uliud
290 3344 362 3404 sunt
383 3341 440 3402 nisi
462 3340 591 3421 quidam
609 3341 688 3403 ritus
710 3341 874 3419 symboliei
893 3359 948 3403 sen
969 3343 1120 3423 quaedam

175 3437 319 3512 ¹visibiles
334 3441 365 3500 et
380 3437 549 3501 exteriores
564 3435 763 3516 operationes
778 3455 847 3517 quae
864 3436 905 3498 ad
925 3437 1119 3500 invisibilem

183 3535 215 3596 et
234 3550 382 3594 moenam
402 3532 557 3594 actionem
579 3548 635 3593 seu
655 3529 855 3595 efficientiam
876 3530 1120 3612 significandam
