2442 4125
334 306 372 349 nn
395 302 523 350 cessero
543 302 626 347 runis
647 300 803 347 onnourcr.
995 288 1030 345 tr

94 452 227 517 omnino
243 450 282 512 de
297 448 496 511 coeremoniis
511 448 551 508 ab
565 446 634 525 ipsa
647 446 839 527 praescriptis
857 446 1032 523 omittatur,

94 550 170 612 etsi
185 546 261 627 quid
278 546 427 608 omissum
446 544 496 621 sit,
519 561 582 604 non
603 545 766 622 repetetur
786 551 1033 623 sacramentum,

94 645 153 706 sed
179 646 271 704 caute
295 638 480 719 suppleatur
494 640 533 719 (c.
555 642 586 700 l⁰
605 631 645 699 de
665 638 871 701 sacramentis
892 658 954 701 non
975 640 1035 702 ite·

94 740 219 803 randis.
246 737 364 799 Bened.
389 738 459 800 xlv
482 739 589 798 monet
613 737 718 817 quod,
743 737 818 798 licet
840 737 1034 816 presbyteris

95 835 294 899 concedetur
307 834 441 895 facultas
461 832 665 909 chrismandi,
688 851 815 913 semper
833 836 941 896 tamen
961 851 1034 896 cum

97 932 272 995 chrismate
288 930 328 991 eb
342 918 488 1010 episeopo
502 928 679 991 benedicto.

414 1102 455 1148 lv.
466 1104 498 1149 De
510 1104 588 1148 ritibus
600 1103 722 1149 unauna.

138 1220 206 1284 vll.
233 1218 315 1281 Nihil
339 1218 502 1279 definitum
525 1218 630 1299 quoad
654 1227 776 1299 tempto,
800 1217 873 1281 licet
895 1222 1033 1283 maxime

96 1314 248 1395 expediat
270 1318 305 1377 ut
331 1316 387 1377 ilat
413 1314 609 1394 potissimum
633 1318 816 1377 recurrente
840 1317 1034 1379 pentecostis

95 1411 309 1487 solemnitate,
328 1409 454 1490 quando
469 1412 523 1490 Sp.
542 1412 574 1472 S.
592 1411 625 1495 in
646 1411 806 1490 apostolos
826 1412 952 1490 elapsus
972 1415 1031 1473 est.
1086 1398 1100 1423 ⁶

137 1507 251 1579 Quoad
265 1506 359 1567 locum
373 1505 506 1567 ecclesie
520 1509 578 1584 est,
601 1506 627 1567 si
647 1506 830 1569 solemniter
848 1508 904 1568 flat
922 1506 1033 1568 confir-

94 1604 211 1677 mati03
230 1601 332 1663 sedet
353 1601 432 1662 alius
452 1602 540 1663 locus
561 1602 753 1663 conveniens
774 1620 843 1663 esse
864 1604 979 1681 potest,
1003 1605 1035 1665 et

94 1703 232 1779 urgente
247 1697 286 1757 de
301 1716 407 1773 causa,
425 1696 578 1773 ubilibet,

137 1794 248 1867 Quoad
272 1798 401 1855 caeteras
424 1793 644 1870 caeremonins,
670 1793 772 1855 innuit
796 1794 975 1872 pontificale
1002 1799 1036 1855 et

95 1892 268 1969 antequam
283 1888 421 1967 pontifex
436 1890 532 1951 ritum
553 1888 745 1965 exordiatur,
769 1890 858 1950 brevi
879 1890 1031 1951 concione

95 1985 251 2067 populum
265 1983 378 2045 doceat
391 1984 430 2045 de
445 1986 569 2059 natura,
587 1983 760 2059 effectibus,
772 1984 915 2045 ministro
930 2002 1034 2045 sacre-

95 2082 197 2142 menti
211 2080 404 2142 conferendi.
596 2081 600 2089 ’

138 2176 243 2252 Pueri,
267 2183 436 2256 antequam
456 2175 624 2237 tradantur
643 2173 861 2250 confirmandi,
884 2175 924 2236 de
945 2175 1034 2237 rudi·
1058 2205 1061 2209 ·

94 2263 212 2333 mentis
226 2271 311 2348 fidei,
329 2275 360 2334 st
374 2272 549 2351 praesertim
570 2271 609 2333 de
629 2271 669 2331 iis
690 2289 761 2349 quae
782 2269 823 2331 ad
844 2272 905 2333 hoc
927 2290 1036 2333 sacre·

93 2371 241 2429 mentum
255 2368 424 2447 pertinent,
442 2367 671 2430 examinentur.

136 2467 183 2527 Ex
199 2471 324 2528 vetusto
338 2485 425 2527 more
440 2465 622 2528 confercndi
637 2466 698 2526 hoc
712 2473 948 2530 sacramentum
963 2471 1034 2547 post

93 2557 310 2635 baptismam
320 2557 397 2618 illud
408 2558 503 2620 etiam
514 2557 676 2618 traductus
687 2560 735 2618 est
743 2575 811 2618 mos
821 2559 1031 2636 patrinorum.

94 2653 317 2715 Admittuntur
344 2672 424 2714 unus
451 2654 502 2714 vcl
524 2672 589 2714 una
610 2671 668 2733 pro
692 2673 783 2714 sexus
807 2655 977 2733 qualitate,
1002 2661 1035 2716 et

94 2751 215 2811 caetera
229 2748 261 2807 in
277 2747 314 2807 iis
328 2749 532 2829 requiruntur
547 2750 664 2828 quaein
679 2750 810 2827 patrinis
824 2751 856 2810 in
872 2750 981 2811 ordine
992 2750 1033 2810 ad

92 2843 292 2922 baptismum
310 2864 316 2904 :
334 2843 434 2905 simile
456 2844 540 2904 enim
563 2845 682 2907 hahent
704 2845 852 2906 officium.
877 2845 987 2907 Solum
1008 2847 1035 2908 si

93 2937 140 3000 ibi
156 2937 248 2999 deest
262 2943 296 2998 ut
310 2939 452 3017 patrinus
467 2938 507 3000 sit
521 2940 733 3014 confirmatus,
755 2939 807 2998 hic
826 2956 954 3001 necesse
973 2943 1031 3004 est.

94 3033 334 3096 Consuetudine
349 3038 455 3095 cutem
469 3033 681 3096 vetustissima
694 3039 856 3112 receptum
871 3040 917 3097 est
932 3040 967 3099 ut
980 3054 1034 3115 pa·

94 3128 199 3190 trinus
214 3129 247 3188 in
262 3129 499 3191 confirmatione
514 3130 554 3190 sit
568 3129 716 3191 distincta
728 3148 864 3207 persona
878 3150 897 3191 a
910 3132 1033 3210 patrino

94 3225 309 3302 baptismatis.

137 3321 220 3382 v111.
239 3320 385 3380 Nonnulli
395 3321 525 3382 dubium
535 3327 724 3400 promovent
733 3340 773 3382 an
783 3323 877 3385 liceat
887 3324 1033 3404 episcopo
1057 3379 1065 3386 .

95 3435 247 3480 exercere
262 3418 453 3495 pontificalia
468 3425 557 3480 extra
571 3418 732 3481 dioecesim
747 3439 819 3482 cum
835 3421 962 3482 licentia
981 3441 1035 3481 ex-

96 3529 207 3594 pressa
223 3513 374 3575 ordinarii
389 3513 483 3592 illius,
501 3532 564 3576 non
585 3519 691 3577 autem
709 3515 742 3576 in
761 3516 921 3578 subditum
940 3515 1034 3593 hujus
