2442 4125
330 344 368 387 ne
389 342 519 389 cancro
539 342 622 389 rnnrs
644 342 800 389 canorum.
980 334 1036 393 tlt

96 495 162 550 tus.
180 486 352 549 Videlicet:
369 486 457 565 prins
471 485 565 547 bomo
576 492 624 549 est
637 486 743 564 bomo,
753 487 828 549 inde
844 489 939 564 civis3
957 493 1035 555 ordo

97 584 219 646 civicus
238 587 286 645 est
303 601 361 662 pro
380 582 512 644 tuitione
530 587 561 645 et
579 582 761 644 defensione
778 584 896 647 ordinis
911 592 1035 650 natura·

96 684 159 756 lis;
176 680 308 759 proinde
330 698 393 741 non
409 679 504 741 debet
524 680 642 741 servire
664 680 828 742 hominum
845 686 959 744 natura
978 704 1036 763 po-

97 778 198 852 litiae,
228 774 284 836 sed
312 775 421 854 politia
448 775 612 836 bominum
647 780 779 838 natorae.
809 780 1036 841 Determinabit

97 872 234 953 proinde
247 871 298 932 lex
312 872 411 933 civilis
424 872 586 950 publicum
595 872 739 934 ordinem
753 874 785 935 in
800 874 956 955 conjugiis
970 894 1035 937 ser-

97 970 251 1045 vandum,
274 987 336 1048 quo
358 970 586 1030 connubiorum
607 970 797 1032 incertitudo
819 972 957 1047 tollatur,
981 971 1035 1033 ho-

97 1074 206 1127 nestas
221 1068 373 1143 servetur,
390 1069 464 1144 etc,
480 1083 544 1126 non
559 1069 665 1127 autem
680 1066 776 1128 violet
790 1073 946 1129 naturam.

140 1168 173 1223 2⁰
197 1162 259 1224 Sed
282 1164 380 1224 multo
403 1163 528 1223 minora
550 1165 735 1239 competunt
754 1162 827 1243 jura
848 1166 981 1245 principi
1003 1166 1035 1226 in

97 1259 302 1320 matrimonia
315 1258 553 1320 christianorum.

141 1356 220 1414 Nam
235 1355 262 1414 si
276 1354 426 1414 naturalis
446 1354 540 1414 bomo
560 1353 653 1415 alicui
673 1354 935 1435 determinationi,
952 1357 1035 1419 iniis

97 1468 172 1530 quae
193 1449 344 1510 naturalis
362 1449 443 1530 juris
461 1456 545 1526 sunt,
567 1450 631 1529 legi
650 1451 731 1511 civili
751 1453 916 1527 subditur;
940 1453 1035 1515 bomo

97 1545 288 1607 christianus
304 1546 346 1625 (et
365 1546 461 1606 bomo
475 1545 627 1606 naturalis
643 1564 705 1606 non
719 1550 823 1625 potest
838 1546 936 1608 dividi
950 1566 970 1607 a
983 1566 1037 1607 sn-

96 1642 304 1722 pernaturali)
319 1643 352 1702 in
367 1642 476 1704 ordine
491 1660 528 1702 ac
542 1643 741 1704 snumllnem
751 1643 1032 1723 supernaturalem,

97 1758 118 1800 a
143 1737 226 1799 civili
248 1741 402 1817 potestate
426 1742 473 1799 est
494 1755 624 1816 prorsus
650 1739 810 1815 immunis,
836 1742 867 1800 et
892 1738 1037 1801 subditur

96 1835 258 1895 Ecclesiae.
276 1836 315 1895 Et
336 1852 408 1895 cum
427 1834 676 1912 supernaturalis
693 1834 765 1894 finis
786 1834 923 1895 naturali
941 1852 1036 1912 praes·

96 1934 156 2006 tet,
173 1933 291 1991 aeterna
303 1929 434 1991 felicitas
449 1929 590 1989 felicitati
607 1935 832 2009 temporanea,
847 1931 900 1990 ille
916 1934 963 1991 est
982 1930 1036 1991 ab·

97 2025 212 2104 solute,
235 2026 287 2086 hic
308 2025 509 2104 hypothetice
529 2023 668 2084 intentus
690 2040 696 2082 :
720 2022 802 2102 llrgo
823 2022 910 2103 prius
932 2026 1037 2084 estut

97 2123 195 2183 homo
219 2123 405 2202 disponetur
427 2124 459 2182 et
481 2119 646 2180 ordinetur
668 2118 709 2178 ad
731 2118 831 2194 illum,
857 2117 971 2179 deinde
995 2118 1035 2179 ad

97 2219 206 2278 istum.

139 2312 275 2373 Proinde
290 2312 358 2373 baec
373 2316 511 2390 potestas
526 2309 654 2390 politica
673 2309 767 2370 debet
782 2307 927 2370 ordinare
942 2309 983 2370 ad
1001 2309 1036 2369 fl-

98 2426 174 2468 nem
198 2408 331 2487 publicae
355 2406 510 2469 felicitatis
536 2405 731 2485 temporalis,
761 2407 887 2485 quando
912 2404 979 2484 jam
1002 2407 1035 2466 in

98 2522 193 2564 sunm
207 2503 351 2564 ordinem
365 2502 637 2580 supernaturalem
651 2503 788 2566 directus
803 2509 860 2567 est.
872 2506 890 2565 J
893 2523 945 2564 am
959 2521 1034 2565 vero

99 2599 334 2660 matrimonium
360 2599 401 2659 sd
430 2599 573 2660 ordinem
599 2600 873 2677 supernaturalem
899 2599 1034 2677 pertinet

98 2693 289 2773 dupliciter:

140 2789 172 2847 1⁰
186 2786 252 2847 Sub
267 2791 397 2865 aspectu
411 2786 543 2859 morali;

138 2887 172 2942 2⁰
187 2881 252 2943 Sub
267 2887 397 2961 aspectu
412 2882 643 2944 sacramentali.

139 2981 171 3038 l⁰
185 2979 273 3038 Licet
290 2978 341 3038 lex
355 2977 483 3040 moralis
497 2977 537 3037 de
551 2996 585 3038 se
600 2979 744 3038 ordinem
759 2994 820 3037 non
840 2973 924 3035 dicat
943 2974 983 3035 ad
999 2976 1034 3035 fi-

98 3089 173 3132 nem
187 3071 478 3148 supernaturalem:
491 3088 565 3130 nam
579 3073 686 3148 posset
700 3067 893 3129 considerari
905 3068 938 3128 in
947 3069 1034 3150 puris

98 3165 296 3226 naturalibus
320 3185 392 3228 cum
420 3165 536 3227 afliciat
564 3170 710 3226 naturam
738 3182 801 3244 qua
824 3170 937 3226 natura
961 3170 1031 3239 est;

96 3265 205 3321 tamen
225 3278 297 3322 cnm
315 3263 418 3341 gratia
436 3261 612 3322 naturalem
630 3260 791 3322 bominem
809 3258 950 3341 perfecit,
972 3281 1034 3323 nou

97 3356 283 3418 distinctum
297 3358 457 3419 bominem
473 3358 601 3433 creavit,
615 3375 674 3417 nec
688 3360 800 3419 natura
815 3363 862 3420 est
876 3359 1035 3419 destructa

98 3452 317 3530 pergratiam,
330 3451 386 3512 sed
399 3451 531 3528 elevata,
547 3452 614 3530 ipse
630 3452 707 3513 ordo
723 3454 873 3516 naturalis
887 3453 1033 3514 sublima·

97 3551 168 3626 tus,
201 3551 232 3610 et
263 3549 585 3627 supernaturalizatus
614 3554 671 3611 est.
701 3550 740 3612 bit
768 3547 1034 3630 quemadmodum
1087 3577 1091 3584 ·
