2442 4125
186 316 227 378 90
394 322 623 371 rusrrrorronrs
643 322 726 369 suus
749 323 905 369 ciuoarcr.

187 474 257 537 tisis
277 473 329 534 vel
349 490 387 533 ex
407 470 662 549 persecutoribus
685 468 870 530 clericorum
894 470 1129 548 cardinalium,
1208 508 1209 525 1

187 570 238 631 vel
270 587 309 629 ex
336 566 477 647 patronis
507 566 560 646 qui
590 564 827 627 beneficiarium
858 565 1009 628 clericum
1042 569 1133 629 occi-

188 666 318 728 dissent.

227 762 260 819 2⁰
274 757 352 819 Aliae
373 756 512 818 indolem
532 759 563 817 et
583 755 874 818 tendentium-Sub
895 756 955 817 hoc
976 764 1131 837 respectu

188 858 336 917 arcentur
360 853 413 934 qui
437 853 488 913 vel
513 851 642 932 spiritus
669 851 910 914 mausuetudine
939 860 1055 915 carent
1078 855 1132 915 vel

189 967 296 1011 amore
310 945 523 1022 continentiae,
535 963 592 1006 seu
607 944 718 1023 quiite
732 944 837 1006 animo
852 944 1044 1007 conformati
1056 952 1132 1009 sunt
1211 943 1212 1027 l

189 1052 224 1107 ut
244 1046 285 1107 ad
306 1043 457 1104 ferociam
477 1043 528 1103 vel
549 1042 591 1103 ad
612 1040 774 1101 libidinem
795 1040 963 1102 videantur
978 1043 1128 1119 proclivi.

189 1144 310 1221 Duplex
331 1142 382 1202 hic
403 1140 546 1203 deiectus
566 1140 691 1216 dicitur,
709 1140 789 1203 alter
807 1139 957 1218 lenitatis,
976 1142 1060 1204 alter
1080 1163 1129 1205 sa·
1212 1224 1213 1229 ἵ

190 1237 351 1299 crementi.
1212 1232 1213 1235 '

229 1336 261 1393 l⁰
289 1333 499 1393 Homicidium
529 1338 561 1393 et
589 1330 745 1405 mutilatio
773 1332 880 1411 aliqua
906 1331 1127 1394 membrorum

189 1426 366 1503 noluntaria,
382 1428 456 1488 lieet
466 1426 550 1506 juste
564 1422 632 1504 aar,
649 1430 754 1489 tamen
776 1445 872 1507 quum
883 1433 885 1437 '
895 1444 946 1487 res
960 1426 996 1487 in
1011 1446 1048 1489 se
1062 1446 1128 1489 ma·
1213 1418 1214 1425 ἵ

188 1524 341 1588 terialiter
354 1524 496 1604 spectata
509 1523 581 1584 talis
591 1522 632 1584 sit
641 1542 660 1584 a
670 1542 734 1602 qua
748 1522 906 1603 refugiant
919 1522 1019 1583 animi
1034 1524 1127 1585 mites

190 1626 221 1685 et
234 1624 275 1684 ad
289 1621 564 1684 mansuetudinem
581 1620 753 1697 informati,
771 1621 823 1699 qui
838 1638 858 1680 a
871 1620 1037 1700 sanguinis
1052 1623 1127 1682 effu-

190 1719 277 1779 sione
299 1718 481 1784 abhorrent,
498 1714 565 1777 visa
585 1720 659 1778 sunt
679 1735 741 1777 non
763 1716 845 1777 bene
866 1715 1014 1795 componi
1034 1734 1126 1795 posse
1215 1758 1216 1763 η

190 1833 264 1875 cum
277 1814 382 1873 animo
398 1811 598 1887 sacerdotali,
615 1812 665 1892 cuj
670 1832 706 1873 us
725 1813 864 1874 officium
877 1812 918 1873 ad
932 1812 1125 1874 sacrificium

189 1910 389 1971 incruentum
410 1907 589 1985 ordinatur,
606 1908 697 1989 cujus
716 1927 822 1971 mores
843 1909 884 1969 ad
906 1909 1125 1971 mansuetudi-

189 2024 263 2068 nem
278 2007 310 2068 et
330 2003 474 2067 mititiam
496 2002 613 2067 debent
634 2022 702 2067 esse
724 2005 898 2085 compositi.
915 2005 993 2067 Inde
1015 2006 1126 2088 hujus-

189 2103 274 2166 modi
296 2101 433 2164 lenitatis
456 2101 581 2163 defectu
613 2119 722 2162 omnes
744 2100 767 2162 ii
789 2106 992 2164 removentur
1015 2105 1071 2184 qui
1094 2103 1124 2163 iu

190 2219 287 2262 causa
313 2199 478 2261 occisionis
498 2199 548 2260 vel
571 2198 775 2261 mutilationis
805 2199 955 2278 implicati
983 2200 1121 2262 fuerunt.

190 2297 264 2357 'rn'a
277 2299 350 2355 sunt
365 2295 509 2372 exempla
521 2296 554 2354 in
569 2296 629 2356 hoc
648 2296 819 2375 proposito,
836 2297 984 2357 nimirum
998 2296 1030 2357 in
1046 2296 1125 2359 mili·

190 2390 250 2450 tari
265 2388 471 2466 professione,
487 2423 527 2436 -
540 2390 572 2449 in
587 2391 690 2451 causis
701 2390 876 2472 judiciariis
895 2393 1123 2470 criminalibuS,

190 2519 231 2530 -
243 2485 276 2543 in
292 2483 478 2563 chirurgIcae
493 2491 526 2546 et
538 2487 669 2549 medioae
686 2489 761 2550 artis
775 2488 980 2568 professione.

232 2582 276 2640 De
291 2576 441 2641 militibus.
457 2613 497 2626 -
511 2581 624 2643 Milites
646 2585 700 2663 qui
720 2585 753 2644 in
775 2585 922 2646 conflictu
943 2586 1080 2646 mortem
1093 2584 1125 2645 in

192 2674 388 2737 adversarios
402 2675 586 2753 intulerunt,
597 2679 648 2740 vel
659 2699 713 2743 eos
727 2681 922 2759 mutilarunt,
934 2681 1124 2762 irregulares

192 2773 330 2835 evadunt
346 2793 353 2834 ε
371 2773 569 2851 excipiuntur
591 2776 697 2839 clerici
722 2779 776 2857 qui
797 2797 835 2838 ex
854 2777 955 2839 officio
980 2779 1031 2840 vel
1055 2785 1125 2840 tau·

192 2885 287 2948 quam
302 2868 459 2949 principes
473 2871 643 2933 saeculares
656 2873 774 2934 bellurn
791 2878 915 2953 gerunt,
932 2874 983 2935 vel
996 2875 1123 2936 tuenda

191 2962 324 3025 civitatis
346 2980 443 3023 causa
464 2964 612 3025 excubias
628 2969 659 3027 et
672 2967 795 3046 vigilias
816 2967 935 3031 faciunt
953 2987 992 3029 ex
1007 2969 1120 3032 officio.

231 3058 266 3117 ln
281 3056 408 3135 judiciis
426 3059 678 3122 criminationem
698 3079 793 3123 causa
813 3064 975 3144 sanguinis
985 3064 1120 3146 judices,

192 3151 245 3229 qui
259 3153 447 3214 sententiam
461 3155 570 3218 mortis
589 3158 769 3236 proferunt,
787 3165 1002 3239 accusatores,
1021 3166 1124 3240 patro·

192 3261 266 3320 nus,
281 3247 376 3306 testes
394 3251 506 3325 sponte
521 3269 554 3311 se
569 3253 752 3330 offerentes,
770 3254 904 3318 ministri
925 3255 979 3334 qui
1000 3261 1123 3320 senten-

191 3339 268 3401 tiam
283 3345 506 3421 exscquuntur,
520 3348 551 3407 et
563 3366 673 3409 eorum
688 3350 848 3430 adjutores
863 3352 916 3431 qui
930 3353 1073 3430 proxime
1084 3352 1122 3414 ad

193 3435 381 3497 occisionem
395 3439 445 3500 vel
459 3439 689 3506 mutilationem
705 3453 907 3510 concurrunt.
924 3451 998 3512 Haeo
1012 3451 1121 3532 regula

193 3533 225 3590 et
234 3528 331 3590 babet
344 3549 417 3594 suas
431 3535 641 3612 exceptiones.
