2442 4125
321 365 359 412 on
380 366 508 414 omnoro
528 367 612 416 runrs
633 369 789 417 cucumer.
960 363 1015 422 20¹

125 513 236 590 ltaque
250 509 275 570 si
287 509 479 572 consulimus
485 509 538 589 jus
548 511 702 588 naturale,
714 513 833 574 nullam
842 514 1020 578 invenimus

66 607 263 670 absolutam
278 607 520 686 repugnantiam
534 607 731 688 concipiendi
744 611 870 689 nuptias
883 629 958 673 cum
970 632 1019 674 re·

63 704 209 784 ligionis
231 702 425 778 diversitate,
452 720 525 764 cum
546 721 674 764 necesse
695 721 758 764 non
779 706 821 768 sit
841 707 882 766 ad
905 707 1019 770 indivi-

68 801 183 861 duam
206 799 278 860 vitae
300 798 475 878 conjugalis
495 800 765 876 cousuetudinem,
784 803 1019 866 communicare

68 897 181 958 etiam
194 895 226 954 in
242 894 366 955 divinis.
384 894 446 956 Sed
461 896 637 974 reperimus
650 896 822 957 marimum
832 899 1017 960 convenien-

67 991 161 1052 tiam
175 990 208 1050 iu
222 1007 259 1050 eo
275 989 359 1068 quod
373 990 422 1050 vir
442 993 473 1050 et
495 1008 574 1052 uxor
595 991 738 1071 ejusdem
757 993 919 1073 religionis
937 995 1016 1068 sint3

71 1105 121 1146 ne
139 1085 304 1146 diversitas
318 1085 478 1165 religionis
489 1087 529 1146 sit
538 1087 640 1146 fumes
649 1087 814 1150 discordiae
825 1089 1016 1168 domestice,

72 1182 123 1244 sit
145 1181 321 1260 periculum
336 1181 549 1243 subversionis
563 1182 693 1244 alterius
711 1185 864 1266 conjugis,
884 1194 917 1248 et
936 1186 1019 1250 filio·

73 1293 158 1338 rum
170 1276 323 1338 institutio
338 1275 544 1353 periclitetur.
1018 1301 1021 1306 ·

123 1373 230 1444 Quare
253 1371 396 1433 videmus
414 1369 487 1449 jure
508 1370 615 1431 divino
639 1370 773 1450 positivo
794 1374 920 1453 nuptias
943 1376 1017 1436 flue

74 1468 163 1528 lium
177 1485 250 1528 cum
262 1465 442 1526 infidelibus
456 1465 639 1544 improbari.
661 1468 700 1529 llt
719 1468 847 1548 quidem
867 1470 908 1530 cd
929 1477 1019 1532 vetus

74 1567 310 1626 testamentum
324 1561 409 1641 quud
424 1561 550 1638 attinet,
568 1579 640 1623 cum
653 1567 743 1624 tanta
756 1567 839 1625 esset
851 1564 883 1623 in
901 1567 1018 1644 populo

77 1660 197 1722 Judaeo
219 1658 399 1738 proclivitas
422 1657 462 1717 ad
485 1657 706 1736 idololatriam,
728 1663 760 1720 et
773 1659 957 1720 universum
967 1660 1020 1741 jus

76 1757 259 1815 mosaicum
267 1751 413 1814 tenderet
422 1751 462 1811 ad
472 1752 846 1833 separandumpopulum
856 1753 1019 1818 hebraeum

79 1871 101 1913 a
127 1851 285 1910 consortio
306 1848 459 1928 gentium,
481 1847 626 1910 videmus
647 1867 794 1929 expresse
814 1851 873 1912 has
895 1853 1019 1932 nuptias

78 1944 230 2006 interdici
248 1965 254 2005 :
271 1947 399 2006 Denter.
414 1949 444 2006 7.
461 1944 560 2006 Exod.
576 1947 628 2020 34,
651 1946 696 2004 ita
718 1955 754 2006 ut
775 1948 869 2008 Sotus
887 1948 1021 2009 arbitra·

78 2041 194 2105 tussit
215 2040 340 2119 nuptias
362 2041 445 2103 inter
468 2041 619 2103 Hebraeus
642 2045 674 2101 et
696 2041 891 2121 alienigenas
915 2042 1020 2103 irrites

81 2140 192 2201 fuisse.
211 2140 273 2200 Sed
288 2157 361 2199 cum
378 2138 433 2200 illa
447 2139 497 2199 lex
519 2156 577 2198 nec
600 2137 733 2198 baberet
754 2137 928 2198 clausulam
949 2138 1021 2198 irri-

80 2239 216 2312 tantem,
234 2252 293 2295 nec
307 2234 425 2296 directo
447 2235 512 2295 lata
530 2238 614 2296 esset
630 2233 663 2293 in
684 2233 891 2295 substantiam
911 2236 1021 2295 matri-

81 2330 193 2406 monii,
210 2330 314 2391 veriur
327 2330 484 2391 sententia
497 2333 583 2391 tenet
598 2347 660 2390 non
675 2328 770 2391 fuisse
783 2330 970 2393 irritantem.

126 2425 215 2485 Adde
230 2425 473 2504 prohibitionem
487 2426 573 2486 illam
588 2444 646 2487 nec
654 2427 836 2505 generalem
845 2428 952 2504 fuisse,
964 2428 1019 2489 sed

84 2525 211 2583 tantum
235 2522 433 2600 prohibuisse
458 2523 617 2584 connubia
639 2525 843 2587 Hebraeorum
861 2542 934 2585 cum
951 2540 1020 2601 sep-

84 2624 151 2680 tem
177 2618 356 2680 nutionibus
380 2620 558 2681 infidelium
585 2621 640 2700 qui
667 2621 854 2682 habitabant
878 2621 912 2679 in
935 2626 1020 2680 terra

87 2713 255 2791 chanaan,
286 2718 322 2776 ut
349 2719 420 2795 pust
448 2722 591 2777 sanctum
618 2716 773 2777 'rhomam
799 2714 1021 2775 animadvertit

85 2812 203 2873 Bened.
231 2814 313 2888 xlv,
340 2813 472 2875 Constit.
500 2812 659 2891 Singulari
679 2813 760 2872 nobes
782 2814 801 2873 9
824 2811 902 2871 febr.
930 2812 1017 2871 lusa.

89 2908 176 2969 Unde
191 2926 254 2969 non
269 2910 383 2970 desunt
396 2909 541 2987 exempla
556 2910 737 2987 nuptiarum
750 2909 783 2967 in
793 2908 901 2969 Veteri
914 2908 1020 2966 Testa·

88 3008 192 3065 mento
207 3023 279 3065 cum
294 3005 488 3085 alienigenis,
513 3024 584 3085 quae
605 3005 657 3067 vel
680 3002 824 3083 improbe
845 3005 1018 3077 contracta,

88 3106 122 3162 ut
134 3119 211 3162 vera
225 3102 381 3162 connubia
402 3102 565 3181 recognita
583 3105 668 3177 sunt,
690 3101 741 3160 vel
762 3100 857 3160 etiam
879 3101 1020 3160 cessante

88 3198 226 3276 periculo
241 3202 272 3259 et
287 3199 408 3259 ratione
428 3216 523 3277 super
539 3214 635 3277 quam
654 3196 786 3256 lundata
803 3199 871 3257 erat
883 3196 933 3256 lex
947 3214 1021 3274 pror

88 3294 209 3370 hibeus,
226 3295 462 3355 assuetissimis
477 3294 572 3355 etiam
586 3292 730 3370 personis
750 3285 917 3355 contractu
934 3299 1018 3367 sunt,

88 3405 143 3447 nec
156 3387 346 3465 improbata,
363 3391 398 3448 ut
411 3388 493 3449 inter
507 3389 624 3449 caetera
633 3387 869 3449 matrimonium
879 3386 1019 3448 Estheris

88 3500 157 3543 cum
171 3486 318 3545 Assuero.

125 3580 172 3643 Ad
203 3583 325 3643 Novum
354 3599 428 3642 vero
452 3585 687 3643 Testamentum
710 3583 794 3663 quod
809 3589 940 3661 spectat,
957 3598 1017 3640 non
