2442 4125
318 368 358 412 ns
378 367 506 414 osrscro
526 367 609 414 rums
631 367 786 414 cenorum.
962 359 1021 419 305

83 512 269 576 barbariam
289 529 407 591 magna
420 530 458 572 ex
480 516 570 591 parte
591 511 761 574 devastatae
781 511 918 590 fuerant,
939 513 1023 575 elen-

84 608 216 690 guerint
228 608 366 670 omnino.
383 609 463 668 Nam
477 609 564 671 tanta
578 607 637 670 fnit
650 609 736 671 fama
749 609 876 669 illarum
886 608 1021 670 duarum

84 701 335 777 academiarum,
359 706 395 761 ut
412 703 534 762 caeterae
555 701 671 764 scholae
695 702 929 782 quodammodo
945 704 1019 766 obs·

87 802 207 859 curatae
221 795 347 873 fuerint,
364 797 430 856 sine
445 797 571 858 nomine
582 796 741 876 jacuerint
750 800 781 859 et
791 798 935 876 deserto,
949 817 1022 862 con·

86 892 270 970 fugentibus
284 892 431 956 studiosis
449 893 595 954 omnibus
609 893 660 955 vel
674 893 849 955 Bononiam
863 894 914 955 vel
928 898 1023 956 Lute-

85 989 166 1050 tiam
179 988 380 1066 Parisiorum,
398 994 433 1050 nt
451 989 496 1050 ibi
510 989 560 1050 vel
573 989 674 1051 bonas
694 995 789 1068 artes,
806 992 856 1053 rel
875 991 1022 1054 scientias

85 1087 232 1150 valerent
244 1085 394 1148 ediscere.

128 1182 235 1243 Primo
266 1182 363 1261 igitur
392 1180 575 1261 hujusmodi
607 1181 826 1243 universitates
853 1183 1021 1262 pontificiis

71 1277 219 1339 ‚indultis
238 1276 369 1338 redditae
384 1281 457 1340 sunt
478 1281 631 1356 exempta
646 1295 666 1338 a
683 1277 878 1356 singulorum
900 1279 1023 1359 spisco-

83 1390 202 1454 porum
211 1372 428 1453 jurisdictione
440 1375 594 1452 tanquam
613 1390 747 1451 corpora
761 1376 925 1454 exempta,
946 1375 1021 1437 illis-

86 1489 151 1550 que
170 1469 303 1530 collatus
321 1472 369 1531 est
382 1467 611 1532 ecclesiasticus
631 1469 833 1549 magistratus
850 1471 882 1530 in
897 1471 1022 1550 singula

85 1563 230 1644 corporis
256 1565 401 1626 membra
428 1565 596 1645 cujuslibet
631 1565 775 1625 dioecesis
807 1563 858 1625 val
886 1565 1022 1626 nationis

86 1663 204 1722 essent.
216 1663 257 1723 Ut
266 1663 373 1724 autem
382 1661 451 1722 hac
458 1660 636 1741 jurisdictio
648 1659 738 1722 facile
747 1659 816 1740 geri
825 1665 942 1738 posset,
953 1660 1021 1723 haec

85 1757 148 1820 tuit
160 1757 292 1818 interior
304 1758 418 1819 horum
429 1775 599 1836 corporum
613 1756 781 1818 moralium
795 1755 957 1836 dispositio
972 1777 978 1818 :

127 1853 277 1914 Bononia
305 1853 579 1932 distinguebantur
608 1852 752 1932 discipuli
784 1854 883 1914 exteri
913 1869 1023 1914 secun·

84 1951 164 2011 dum
178 1948 319 2010 nationes
331 1948 364 2008 in
377 1947 509 2010 totidem
524 1947 670 2026 collegia·;
688 1947 756 2009 hac
767 1948 875 2008 antem
889 1945 961 2026 conj
966 1964 1021 2005 un-

85 2039 245 2121 gebantur
270 2038 303 2099 in
332 2037 395 2100 duo
416 2036 549 2117 collegia
570 2035 743 2115 ampliora,
768 2052 903 2114 quorum
923 2053 1022 2096 unum

87 2134 372 2214 comprehenderet
387 2151 497 2195 omnes
510 2132 679 2212 discipulos
688 2131 948 2208 ultramontanos,
961 2131 1023 2192 alia

86 2248 163 2292 vero
190 2247 299 2291 omnes
327 2228 571 2292 citramontanos
597 2248 604 2289 :
640 2226 888 2317 unumquodque
912 2244 950 2285 ex
973 2226 1022 2287 his

87 2325 229 2405 collegiis
243 2326 366 2388 duobus
379 2326 639 2406 gubernabantur
656 2322 844 2385 aratoribus
858 2342 878 2385 a
891 2340 925 2383 se
944 2322 1023 2384 eleo·

86 2426 138 2488 tis.
156 2426 226 2484 Non
244 2422 379 2484 absimili
396 2422 492 2484 modo
512 2422 607 2483 etiam
626 2419 752 2481 Parisiis
773 2427 900 2500 recepta
914 2424 962 2483 est
976 2422 1023 2482 di·
1148 2496 1152 2504 ¹

86 2520 167 2584 visio
181 2520 215 2580 in
229 2520 382 2597 nationes,
398 2520 442 2582 ita
455 2521 563 2582 tamen
576 2521 611 2581 ut
625 2518 774 2597 quoslibet
784 2520 870 2581 natio
880 2536 1022 2599 compre-

87 2614 245 2677 henderet
264 2614 357 2676 simul
376 2616 444 2678 sive
465 2615 643 2694 magistros,
669 2614 735 2673 sive
759 2613 943 2691 discipulos;
966 2615 1022 2674 sed

87 2710 231 2791 magistri
246 2710 346 2772 solum
360 2712 401 2773 ad
415 2711 543 2773 comitia
563 2708 768 2785 vocabantur,
785 2708 894 2770 ubido
915 2709 1022 2786 eliqua

88 2825 124 2868 re
139 2805 378 2868 deliberandum
392 2807 483 2869 foret.
501 2807 563 2869 Sed
578 2824 597 2866 a
616 2804 731 2866 saeculo
749 2806 877 2866 ineunte
895 2821 954 2865 xnr
972 2822 1022 2865 re-

88 2905 182 2981 cepta
195 2901 253 2962 fuit
267 2902 423 2966 distinctio
438 2902 470 2962 in
482 2907 618 2983 quatuor
631 2902 784 2977 nationes
797 2900 943 2962 videlicet
953 2897 1021 2959 Gal-

87 2998 194 3074 licam,
210 2998 423 3060 Britannicam
436 3016 492 3060 seu
507 2998 735 3073 Germanicam,
752 2998 928 3073 Picardam‚
945 2998 1021 3057 Nor·

88 3110 250 3153 mannam.
276 3092 413 3172 Singulis
434 3092 612 3155 nationibus
635 3095 793 3170 praeerant
816 3090 930 3170 singuli
947 3108 1021 3170 pro-

87 3195 259 3264 curatores,·
287 3192 423 3267 quatuor
449 3190 670 3267 procuratores
698 3186 857 3267 eligebant
884 3192 1021 3247 rectorem

89 3282 313 3344 universitatis.
619 3277 621 3281 ’

130 3377 281 3440 Similiter
293 3378 325 3438 iu
348 3379 467 3442 bonum
490 3378 704 3453 scientiarum,
729 3378 814 3439 hisce
838 3377 1021 3440 universita-

88 3472 174 3535 tibus
186 3474 391 3555 indulgerent
397 3472 724 3538 facultatcmdoccndi
734 3490 791 3552 per
800 3476 902 3536 totum
912 3474 1022 3537 orbem

90 3570 297 3634 christianum
310 3571 348 3633 iis
363 3572 498 3635 domnis
517 3573 572 3653 qui
587 3572 621 3634 in
638 3570 751 3635 iisdem
766 3571 1020 3636 universitatibus
