2442 4125
327 357 367 406 on
387 361 517 410 osrecro
536 357 798 412 roms-circumi.
968 351 1025 414 itt

38 505 257 586 septenarii
282 507 399 583 praeter
419 503 609 566 ordinariam
633 508 665 567 et
687 509 887 584 consuetam,
910 508 1026 587 septies

43 603 257 662 redeuntes
274 601 462 678 percurrunt
475 599 614 678 singulas
633 600 754 663 litteras
773 602 954 682 septenarii,
972 622 1026 664 ex-

43 696 233 756 hauriunt
249 713 312 774 pro
325 713 360 754 se
378 695 535 775 integrum
555 695 769 773 septenarium
788 697 973 774 litterarum,
994 703 1026 762 et

47 791 207 868 perinde
227 790 314 850 acsi
328 790 381 850 alii
398 796 520 867 septem
538 791 613 850 anni
636 809 818 854 communes
840 793 1025 870 pertransis·

48 888 143 962 sent,
163 885 343 945 reducunt
357 883 499 945 ordinem
513 885 546 945 in
567 885 745 963 pristinum.
771 887 834 948 Sed
856 893 891 950 ut
914 888 1024 949 decur-

52 985 135 1042 rant
151 984 295 1059 septem
308 979 448 1041 his-sexti
464 980 623 1042 ordinarie
637 981 795 1061 loquendo
805 982 1025 1045 desiderantur

50 1078 96 1136 28
113 1077 217 1137 anni.
239 1077 328 1156 Ergo
343 1075 537 1154 perturbatio
553 1076 708 1155 producta
723 1079 912 1140 abis-sextis
926 1079 1024 1160 impe·

57 1170 108 1230 dit
124 1171 276 1249 quidem
291 1171 459 1250 quominus
473 1171 594 1231 eadem
616 1171 728 1234 littere
750 1174 954 1236 dominicales
973 1192 1023 1235 ro·

57 1265 166 1326 deant
183 1265 231 1325 de
251 1265 430 1343 septenario
451 1264 484 1324 in
503 1267 728 1344 septenarium,
754 1268 810 1328 sed
834 1269 1022 1330 uniformem

59 1359 261 1420 litterarum
279 1358 519 1420 dominicalium
536 1360 673 1422 reditum
693 1379 755 1423 non
777 1363 859 1426 tollit
879 1363 1019 1439 omnino,

60 1455 122 1516 sed
136 1456 291 1534 longion'
300 1471 455 1515 annorum
465 1457 684 1536 progressione
695 1463 862 1535 restaurat,
874 1459 1022 1520 videlicet

63 1554 162 1632 lapsu
177 1558 224 1616 28
241 1572 399 1616 annorum
413 1555 467 1633 qui
480 1554 653 1616 absorbent
673 1557 811 1636 quinquo
832 1555 933 1616 solido
952 1571 1020 1631 sep·

64 1651 199 1710 tenoris
219 1650 412 1726 litterarum,
433 1648 579 1712 videlicet
598 1655 735 1731 quatuor
753 1649 932 1728 septenaria
946 1649 1020 1728 quia

68 1751 146 1808 sunt
160 1746 309 1822 886661,
327 1745 461 1807 alterum
475 1747 690 1825 septenarium
704 1763 759 1808 seu
779 1745 922 1826 quintum
945 1745 1020 1824 quia

70 1846 199 1919 septem
216 1861 260 1904 cx
273 1841 311 1902 iis
325 1847 397 1903 sunt
411 1840 563 1903 bis-sexti.
636 1842 640 1850 '

113 1937 272 1998 iamvero
295 1935 365 1996 haec
383 1934 532 2013 periodus
553 1937 592 1995 28
614 1951 768 1996 annorum
788 1934 902 1996 dicitur
921 1931 1018 2014 cyclus

73 2030 193 2109 soloris,
210 2038 246 2094 et
264 2031 345 2093 solet
363 2030 540 2110 computari
557 2030 599 2090 ab
619 2047 701 2091 suno
722 2046 805 2091 nono
826 2033 899 2090 ante
920 2045 1018 2091 aeram

76 2128 285 2191 christianam
299 2129 342 2191 ita
358 2132 392 2189 ut
406 2129 500 2189 hodie
515 2146 571 2189 seu
586 2128 733 2207 praesenti
748 2144 831 2187 anno
843 2129 920 2188 1858
931 2130 1018 2186 tran-

75 2222 187 2286 sierint
208 2230 249 2287 66
275 2224 390 2303 integri
410 2224 502 2301 cycli,
523 2228 554 2286 et
574 2225 672 2284 simus
690 2223 722 2282 in
743 2239 872 2283 numero
892 2221 1015 2281 docimo

79 2334 161 2379 nono
177 2320 263 2399 cycli
276 2324 325 2379 67.

117 2416 229 2478 XXIV.
252 2416 345 2475 Hisce
373 2415 496 2493 positis,
525 2419 561 2476 ut
586 2432 648 2475 uno
676 2413 839 2476 oculorum
870 2415 933 2477 ictu
962 2433 1016 2476 oo·

81 2518 273 2582 grossantur
294 2510 407 2571 littera
423 2510 627 2571 dominicales
642 2512 868 2590 respondentes
883 2512 1014 2591 singulis

83 2608 218 2667 numeris
234 2606 313 2685 cycli
329 2605 449 2682 solaris,
467 2612 498 2665 et
512 2606 604 2665 simul
619 2606 730 2667 melius
754 2609 786 2665 et
804 2606 941 2683 practico
963 2624 1013 2663 oo·

84 2709 282 2779 gnosoantur,
298 2720 368 2780 quae
383 2701 445 2760 huc
460 2716 557 2779 usque
568 2701 715 2776 diximus,
731 2700 811 2759 solet
819 2715 955 2777 sequens
965 2702 1014 2757 ts-

85 2790 153 2855 hula
165 2798 313 2859 constitui
328 2814 424 2876 quam
438 2815 494 2857 nos
507 2795 712 2875 producimus
727 2795 767 2869 ab
778 2813 860 2855 anno
878 2796 956 2854 1858
971 2792 1012 2850 ad

86 2904 197 2954 annum
212 2898 288 2955 1885
304 2894 360 2955 sed
373 2892 577 2973 sequentibus
592 2892 683 2951 annis
698 2891 737 2951 dc
757 2894 796 2952 28
813 2890 845 2949 in
867 2892 905 2949 28
921 2888 1013 2967 juxta

86 2988 246 3050 numerum
261 2990 339 3068 cycli
354 2989 464 3050 solaris
478 3006 574 3067 quem
593 2988 699 3065 habet,
717 2986 904 3065 applicetur.
