2442 4125
346 332 385 377 nn
406 331 534 378 onrrcro
554 331 638 378 roms
660 331 816 379 cinonror.
990 324 1045 383 tta

154 479 222 538 Non
237 492 313 554 ergo
328 476 460 552 possunt
479 474 521 534 ad
542 474 689 553 quaedem
708 475 880 555 generalia,
903 478 994 540 firma
1015 486 1047 541 et

96 570 320 631 immutabilia
329 569 483 648 principia
497 569 565 629 haeo
578 569 802 649 impedimenta
816 572 971 649 revocari,
988 574 1044 635 aad

95 663 216 745 potius
230 681 300 741 quaa
319 663 473 723 haetenus
493 662 622 725 definita
642 664 775 728 suntad
797 666 902 745 capita
921 668 1043 745 reduci,

96 763 141 820 et
155 758 359 839 singulariter
372 757 556 819 eorumdem
570 762 716 823 naturam
730 766 762 824 ot
775 761 930 824 rationem
939 763 1045 843 explo-

95 873 195 917 rare.

45 950 50 955 ’
147 950 499 1042 ltaqueimpedimanta
516 952 751 1014 matrimonium
770 952 960 1030 dirimente,
982 953 1044 1016 ulia

95 1043 258 1105 videntur
271 1043 390 1106 direoto
404 1046 561 1124 respicere
574 1063 726 1125 personae
739 1044 896 1127 legitimae
918 1050 1044 1109 conhu-

96 1142 263 1217 henh'um,
288 1159 345 1201 sau
369 1141 622 1203 contrahentium
644 1141 825 1202 idoneitatem
834 1161 849 1219 ,·
877 1141 940 1203 alia
966 1143 1043 1222 legi·

96 1240 219 1301 timam
237 1237 444 1298 eontrahendi
463 1237 592 1315 smmum
614 1235 793 1315 atmodum,
816 1254 872 1299 aen
891 1237 1042 1300 idoneum

96 1333 315 1397 contrahendi
327 1333 468 1410 modum,
485 1334 530 1394 ita
543 1337 578 1396 ut
591 1333 642 1395 rel
656 1332 732 1396 vitio
746 1350 955 1413 personarum
970 1353 1040 1415 quaa

97 1429 309 1505 contrahunt,
325 1429 375 1491 val
396 1428 490 1490 modo
512 1446 573 1509 quo
595 1430 785 1492 contrahunt
804 1430 1040 1493 matrimonium

94 1528 230 1588 irritum
243 1525 407 1587 reddatur.

131 1622 357 1682 Personarum
370 1636 447 1679 vero
459 1618 640 1681 inhabilitate
654 1618 695 1679 ad
710 1614 961 1681 contrahendum
974 1632 1040 1676 nra·

97 1716 289 1779 trimoninm
304 1715 476 1777 attenditur
493 1715 543 1775 vel
561 1714 688 1775 obsolute
708 1714 740 1774 in
762 1712 872 1776 ordine
893 1711 933 1772 ad
955 1728 1039 1791 quae·

95 1813 183 1873 libet
209 1811 428 1888 matrimonia,
458 1810 499 1871 ad
525 1816 642 1872 etatum
669 1808 946 1881 matrimonialem
977 1806 1040 1868 alia

59 1974 62 1977 i
96 1910 279 1973 attenditur
300 1909 420 1970 relative
439 1908 481 1969 ad
502 1909 668 1988 quosdam,
690 1908 742 1968 vel
762 1907 910 1988 quadam
929 1907 1039 1967 matri-

97 2005 223 2083 monia,
239 2023 296 2068 aen
309 2006 350 2066 ad
360 2004 594 2068 matrimonium
608 2020 681 2065 oum
696 2000 885 2082 quibusdam
894 2000 1038 2080 personis

97 2101 367 2166 contrahendum.
383 2101 474 2163 Unde
491 2121 498 2161 :

98 2205 132 2261 1⁰
162 2201 208 2259 De
233 2198 378 2261 absoluta
401 2213 610 2277 personarum
634 2191 830 2254 inhabilitate
856 2189 897 2252 ad
916 2194 1038 2253 eontra·

142 2291 286 2353 handum
299 2291 544 2353 matrimonium.

98 2393 134 2450 2⁰
150 2389 197 2448 De
210 2387 343 2447 relativa
356 2404 563 2466 personarum
576 2383 784 2446 inhabilitate.

99 2489 134 2547 30
146 2486 192 2543 De
202 2483 435 2562 impedimentis
444 2502 516 2563 quae
526 2483 646 2544 direoto
657 2479 857 2543 inhabilitant
867 2480 1037 2562 quemdam

143 2580 352 2643 contrahendi
366 2580 507 2657 modum,
525 2597 588 2641 non
602 2596 754 2658 personae
769 2577 1032 2639 contrahentium.

104 2730 186 2790 Quae.
201 2731 236 2776 le.
250 2725 286 2775 De
303 2724 420 2775 absoluta
432 2723 776 2837 wmmzszrhnubititute
791 2721 826 2771 ad
840 2719 1036 2770 contrahendum

143 2905 327 2968 inhabilitas
357 2905 502 2966 absoluta
530 2902 571 2965 ad
598 2901 851 2973 matrimonium,
873 2895 944 2976 jure
972 2913 1035 2975 quo

102 3003 254 3079 vivimus,
279 3000 432 3080 exurgere
456 3001 582 3062 videtur
604 3017 643 3060 ex
664 2995 779 3076 triplioi
803 2991 924 3070 eapite:
943 2993 974 3051 1⁰
998 3009 1036 3052 ex

101 3099 291 3179 impotentia
313 3096 545 3169 consentiendi3
561 3103 593 3158 2⁰
615 3113 653 3156 ex
675 3087 860 3172 impotentia
882 3088 1032 3163 coeundi3

102 3200 136 3257 3⁰
151 3214 189 3256 ex
203 3197 304 3256 status
318 3191 622 3272 incompatibilitate.
779 3193 782 3198 '

378 3342 406 3385 Δ.
420 3341 452 3385 lte
463 3340 592 3396 impotentia
602 3336 759 3382 eontentientli.

144 3441 254 3501 XXIV.
272 3440 331 3510 Qui
345 3438 520 3501 consentire
536 3455 599 3499 non
613 3439 755 3515 possunt,
772 3433 892 3495 nullum
906 3435 1038 3513 possunt

102 3534 181 3594 inire
206 3537 420 3612 eontraotum,
437 3532 592 3612 siqnidem
615 3533 794 3594 eontraotus
818 3534 883 3592 est:
902 3528 1037 3588 duorum

905 3623 950 3675 to*
