2442 4125
320 358 359 406 ur
380 360 508 409 omrcro
528 362 611 408 sums
633 361 789 409 uirorum.
962 355 1020 415 iss

121 506 192 569 Hoc
201 509 363 567 assecutus
373 508 421 567 est
434 526 441 567 :
454 509 485 566 l⁰
494 505 680 585 inspirando
694 506 881 586 patriarchis
894 526 1020 571 morum

62 604 294 667 sanctitatem.
314 606 347 663 2⁰
366 604 441 663 Post
460 600 564 662 varias
585 601 775 663 familiarum
796 603 1017 683 dispersiones,

64 699 251 763 excitando
270 699 412 776 Moysen,
433 696 523 776 cujus
541 714 639 775 opera
659 698 810 777 populum
832 700 916 761 bunc
937 701 1020 762 elec·

62 805 162 873 tam,
178 796 211 855 in
224 793 386 854 natiouem
403 792 548 872 erigeret,
566 811 636 872 quae
655 794 855 855 revelationis
873 795 931 855 Dei
948 813 1019 857 eus-

62 898 130 955 tos
148 895 241 966 csset,
256 887 500 968 promissionum
519 888 574 949 Dei
593 890 797 967 expectatrix,
814 890 968 970 Religioni
986 895 1018 953 et

62 989 144 1070 legi
160 987 385 1049 addictissima.

120 1084 187 1146 Sed
208 1082 318 1163 gretiae
341 1082 502 1160 plenitudo
527 1100 617 1143 nora
639 1082 702 1162 legi
724 1083 918 1146 serrabatur.
937 1085 1018 1157 Oua-

65 1184 212 1262 propter
225 1178 306 1239 sicut
319 1177 459 1237 humana
470 1180 585 1238 natura
598 1180 671 1238 ante
686 1176 855 1251 Christum,
871 1179 1017 1241 ultimum

66 1290 146 1337 suae
160 1272 397 1335 restaurationis
410 1272 547 1352 gradum
561 1290 625 1334 non
640 1272 831 1350 obtinuerat,
848 1273 893 1334 ita
906 1277 938 1335 et
951 1292 1017 1337 ms·

66 1370 274 1445 trimonium‚
285 1368 326 1429 ad
340 1386 431 1429 suam
444 1368 638 1447 primitivam
651 1367 877 1431 institutionem
891 1370 1015 1432 restitu-

66 1470 147 1528 tum
169 1484 229 1526 non
252 1467 309 1541 est,
328 1464 403 1525 licet
423 1482 443 1524 a
461 1463 552 1524 malis
569 1464 768 1543 gravioribus
788 1466 1012 1542 contineretur,

68 1567 107 1625 et
121 1561 164 1623 ad
179 1560 368 1638 completam
382 1577 472 1619 suam
491 1558 754 1622 restaurationem
772 1560 1013 1640 disponebatur.

116 1660 260 1735 Namque
273 1651 469 1733 patriarchas
483 1655 599 1716 scimus
608 1654 704 1717 fuisse
716 1654 913 1736 polygenos.
925 1656 1013 1717 Mitto

67 1751 233 1830 theologis
243 1753 278 1811 ut
285 1751 474 1830 investigent
488 1751 657 1829 specialem
667 1751 933 1829 dispensationem
944 1750 1011 1827 Dei,

70 1868 147 1931 quae
163 1866 236 1909 cum
248 1847 309 1907 illis
318 1846 521 1909 sanctissimis
531 1847 606 1907 viris
616 1864 635 1907 a
645 1849 709 1907 Duo
720 1842 804 1909 facte
813 1848 863 1924 sit,
874 1846 964 1907 mitto
979 1850 1014 1906 ut

70 1948 224 2027 quaereut
242 1943 394 2021 speciales
413 1944 492 2005 fines
513 1943 555 2002 ed
574 1959 653 2021 quos
672 1959 782 2004 eorum
800 1942 1013 2021 polygamism

71 2040 282 2105 ordinaverit.

115 2140 245 2199 Certum
259 2140 306 2198 est
316 2136 400 2216 quod
410 2135 610 2215 patriarcba,
622 2133 695 2195 licet
705 2133 833 2212 speciali
844 2132 1014 2211 providen-

69 2235 118 2296 tia
132 2232 190 2293 Dei
204 2250 223 2292 a
236 2231 378 2311 gentium
395 2231 551 2292 illecebris
565 2230 760 2309 praeservati,
781 2234 901 2305 tamem
917 2247 1012 2308 gene-

69 2329 170 2391 ratim
188 2328 359 2407 loquendo,
382 2328 424 2389 ed
447 2327 597 2406 primitivi
621 2326 770 2389 connubii
794 2326 1011 2388 excellentiam

70 2443 139 2486 non
158 2427 380 2503 pervenerunt.
396 2424 577 2484 Amiserunt
593 2423 844 2502 monogamiam
861 2423 918 2484 sed
938 2441 1010 2486 con·

66 2520 153 2600 jugii
167 2520 291 2580 honesti
304 2522 435 2582 caeteras
449 2520 549 2596 dotes,
565 2523 598 2582 st
610 2519 709 2582 multo
724 2520 826 2600 magis
841 2520 1010 2582 essentiam

69 2619 290 2678 servaverunt.
642 2677 644 2684 ,
901 2604 902 2608 “

114 2710 200 2771 Finis
219 2715 326 2773 autem
346 2711 526 2790 potissimus
546 2713 702 2774 missionis
721 2713 867 2774 Mosuicae
888 2710 956 2785 fuit,
974 2715 1010 2769 ut
1063 2757 1066 2764 .
1112 2773 1116 2780 ,

69 2807 210 2886 populus
224 2806 370 2868 haebreus
384 2808 424 2868 ab
437 2806 616 2869 idololatria
631 2811 797 2884 averteret,
811 2806 889 2866 etin
903 2803 1008 2864 medio

69 2901 259 2963 idololatris
280 2903 400 2978 vivom,
415 2903 511 2963 fidem
529 2903 658 2965 unitatis
677 2907 709 2966 et
727 2899 934 2980 simplicitatis
952 2899 1008 2959 Dei

69 3001 225 3074 servaret,
251 3002 282 3059 et
304 2999 348 3059 sic
377 2999 529 3077 paulatim
554 3004 707 3080 tauquam
734 2994 942 3076 apedegogo
967 2994 1008 3055 ad

69 3094 233 3155 Christum
246 3093 425 3158 duceretur.

112 3193 211 3253 Porro
239 3190 281 3251 ad
308 3192 368 3252 boc
399 3191 623 3268 obtinendum,
657 3209 690 3250 se
723 3187 856 3270 juvabat
882 3188 1006 3267 Moyses

70 3286 216 3365 exemplo
239 3287 508 3365 patriarcharum,
534 3290 566 3349 et
588 3285 832 3365 promissionum
854 3286 1006 3346 memoris

70 3403 142 3464 quae
156 3385 361 3446 sanctissimis
378 3385 439 3445 illis
457 3386 532 3446 viris
550 3403 570 3444 s
588 3386 665 3459 Deo,
682 3400 854 3462 eorumque
875 3382 1006 3462 posteri-

69 3483 127 3542 tati
147 3481 233 3542 tects
253 3489 354 3557 erant,
377 3481 422 3542 ita
444 3484 478 3542 ut
491 3480 617 3542 Haebrei
637 3480 670 3540 in
691 3479 887 3558 patriarchis,
907 3477 1004 3538 veluti

70 3575 197 3640 vivendi
211 3577 391 3655 exemplum
408 3576 616 3639 imitarentur.
633 3577 716 3656 llrgo
736 3595 799 3639 non
812 3577 938 3654 poterat
950 3573 1004 3632 ab·
