2442 4125
215 317 275 379 tio
423 327 654 375 rusrrrurrouas
675 326 759 373 ruars
783 326 944 374 carorum.

216 473 1068 558 tatemacquiruutmajoremveimiuoremsecundnm
1076 473 1156 551 quod
1211 486 1212 557 3

216 575 408 650 preceptum
421 570 525 647 ipsum
539 569 659 648 obligat
673 567 837 650 suhfflgravi
852 567 905 627 vel
918 566 985 626 suh
1000 567 1080 627 levi.

257 668 308 730 IV.
333 671 365 727 2⁰
380 667 415 726 In
436 664 544 726 ordine
567 663 608 724 ad
628 681 789 742 personas:
813 665 915 723 status
939 666 1158 723 sacramenta-

216 762 293 822 lium
309 761 535 824 determinatur
555 758 703 837 analogia
722 758 818 820 ducta
839 775 858 817 a
876 762 964 817 statu
980 775 1158 818 sacramen·

217 861 333 933 torum,
349 855 409 916 hac
424 851 693 928 salacinensem,
710 852 796 931 quod
809 851 888 911 illud
899 852 989 930 quod
1006 853 1044 912 in
1058 870 1158 914 sacra-

217 951 330 1011 mentis
345 950 464 1010 obtinet
477 949 516 1009 de
528 947 600 1026 jure
615 947 734 1024 divino,
747 947 808 1008 hoc
822 947 855 1008 in
869 948 1158 1009 sacramentalibus

218 1047 338 1108 obtinet
353 1044 475 1121 dejure
491 1043 714 1104 eeclesiastico.

258 1145 282 1182 ¹⁰
297 1140 393 1202 Sicuti
405 1140 477 1220 jure
492 1139 597 1200 divino
613 1128 1008 1216 distinguuntur'ministri
1024 1157 1045 1199 a
1064 1139 1158 1199 susci-
1211 1194 1212 1207 ,

217 1236 374 1314 pientibus
388 1236 420 1295 in
435 1255 469 1297 re
485 1238 773 1310 sacramentorum,
793 1233 837 1296 ita
852 1233 924 1312 jure
941 1233 1156 1296 ecelesiastica

217 1332 249 1391 in
263 1349 298 1392 re
313 1331 599 1391 sacramentalium.

257 1428 283 1468 ²⁰
299 1425 396 1488 Sicuti
411 1425 515 1486 cleriei
527 1425 599 1505 jure
616 1423 721 1486 divino
736 1427 811 1486 sunt
823 1424 962 1485 ministri
977 1445 1155 1488 sacramen·
1211 1470 1212 1477 .

218 1527 322 1586 torum
335 1525 367 1584 in
382 1522 578 1603 oppositione
599 1522 640 1582 ad
660 1523 767 1598 lacos,
789 1521 835 1582 ita
852 1521 924 1600 jure
940 1524 1155 1585 ecclesiastico

219 1619 322 1679 elerici
337 1624 410 1679 sunt
423 1619 558 1679 ministri
572 1616 859 1694 sacramentalium,
876 1621 939 1678 etc.

258 1713 283 1751 ³⁰
298 1711 397 1771 Sicuti
411 1729 473 1771 non
486 1728 597 1786 omnes
607 1711 712 1772 clerici
723 1711 794 1790 jure
809 1711 915 1772 divino
930 1716 1010 1773 sunt
1025 1714 1156 1774 ministri

218 1806 497 1880 sacramentorum,
520 1804 564 1865 ita
581 1823 645 1865 non
665 1822 773 1865 omnes
794 1804 899 1864 elerici
922 1805 1067 1867 ministri
1088 1810 1155 1867 suut

219 1899 359 1962 amnium
380 1900 668 1962 sacramentalium.
692 1901 754 1962 Sed
769 1899 861 1960 sicuti
879 1900 1066 1978 presbyteri
1087 1907 1156 1962 suut

218 1991 351 2054 ministri
361 1992 510 2054 ordinarii
522 1994 662 2054 amnium
671 1996 954 2071 sacramentorum,
966 1994 1008 2054 iis
1019 1996 1153 2075 exceptis

218 2108 287 2169 quae
309 2088 479 2167 episcopali
502 2088 604 2149 ordini
618 2092 830 2165 reservantur,
853 2089 899 2149 sic
920 2092 954 2149 et
975 2090 1078 2151 iidem
1092 2107 1153 2150 om

219 2188 305 2245 nium
318 2186 594 2247 sacramentalium
607 2187 681 2246 sunt
694 2185 827 2246 ministri
841 2202 913 2265 quae
924 2185 1087 2265 episcopis
1096 2204 1151 2247 non

218 2284 430 2341 reservantur.

256 2374 282 2411 ⁴⁰
305 2372 482 2450 Episcopali
504 2374 608 2435 ordini
628 2380 830 2437 reservantur
848 2395 888 2437 ca
910 2378 1152 2440 sacramentalia

218 2484 287 2546 quae
299 2466 417 2528 habent
427 2487 579 2549 majorem
589 2470 769 2550 analogiam
779 2490 850 2533 cum
860 2476 1071 2536 sacramentis
1085 2491 1151 2553 qua

218 2566 290 2625 sunt
303 2564 431 2643 propria
445 2566 548 2627 eidem
563 2566 677 2643 ordini,
694 2585 733 2627 ea
756 2586 870 2646 nempe
894 2588 965 2648 quae
988 2569 1152 2631 assimilari

217 2658 364 2719 videntur
377 2659 607 2721 confirmationi
623 2664 655 2723 et
667 2680 765 2722 sacrae
782 2663 973 2725 ordinationi
989 2666 1152 2743 presbyte-

217 2772 325 2816 rorum
340 2774 347 2815 :
362 2756 491 2834 propria
504 2760 576 2817 sunt
586 2758 827 2820 sacramentalia
837 2761 943 2821 omnia
952 2780 1026 2840 qnae
1037 2762 1152 2821 habeut

217 2850 370 2930 majorem
384 2850 564 2929 analogiam
578 2870 651 2913 cum
669 2856 876 2918 sacramentis
900 2856 1030 2917 illorum
1051 2856 1151 2917 ordini

216 2949 362 3028 propriis.

258 3044 282 3114 ⁵?
298 3042 385 3104 Sicut
399 3040 521 3121 dejure
536 3042 643 3105 divino
658 3047 804 3123 quadam
821 3048 980 3109 servanda
999 3051 1076 3109 sunt
1096 3066 1151 3128 pro

216 3136 377 3199 validitate
392 3142 673 3217 sacramentorum,
690 3142 735 3203 sic
744 3141 817 3222 jure
831 3144 1047 3205 ecclesiastico
1060 3144 1151 3222 plura
1211 3193 1212 3208 .

216 3232 371 3293 servanda
394 3236 467 3293 sunt
492 3238 560 3295 tum
581 3235 614 3295 in
638 3237 748 3300 ordine
769 3240 809 3299 ad
831 3241 1007 3315 materiam,
1030 3245 1102 3302 tum
1119 3241 1149 3298 in

218 3325 327 3384 ordine
342 3328 382 3387 ad
396 3328 638 3410 subjectumpro
647 3333 809 3397 validitate
819 3335 1109 3396 sacramentalium.
