2442 4125
213 274 251 332 16
419 284 648 332 msnromoaas
668 284 752 329 rums
773 283 928 330 canonica

210 434 412 508 indurarent,
430 433 471 495 ab
489 433 626 495 hominis
644 432 868 513 justificatione
887 432 997 493 debuit
1010 432 1075 495 vita
1087 433 1145 495 ho·
1212 433 1213 456 ³

210 528 331 587 minum
346 526 514 605 spiritualis
529 526 709 587 instaurari.
725 525 907 605 mquidem
925 525 1020 585 variis
1040 527 1145 589 modis
1212 577 1213 580 ,

210 626 293 684 Deus
315 622 429 684 intuitu
450 622 635 684 meritorum
656 622 772 683 Christi
795 622 1014 701 Redemptoris
1044 624 1144 684 nostri
1212 613 1213 692 Ῠ

208 720 318 801 gratiae
342 738 406 783 suae
430 720 595 781 thesauros
618 720 651 778 in
677 725 782 798 patras
805 724 928 779 nostros
953 717 1079 781 diffudit
1102 722 1144 782 ad
1212 729 1213 786 l

209 818 290 878 hano
300 816 494 895 spiritualem
504 815 681 877 animorum
695 815 793 875 vitam
810 800 1058 877 instaurandam.
1073 818 1144 878 Ser-

207 912 342 974 vabatur
359 929 434 973 vero
458 910 639 972 advenienti
661 910 783 971 Christo
803 912 840 971 ut
859 908 999 969 medium
1013 910 1143 990 aliquod

207 1010 354 1092 generale
371 1013 402 1072 ot
420 1009 576 1070 uniforme
591 1008 763 1088 spiritualis
783 1008 1031 1089 regenerationis
1055 1009 1143 1072 insti-

206 1110 321 1184 tueret,
337 1107 422 1187 quod
436 1104 576 1186 generali
599 1106 631 1165 et
650 1102 798 1165 uniformi
823 1104 985 1163 hominum
1007 1122 1143 1184 aonoep-

206 1204 283 1267 tioni
299 1222 356 1282 per
374 1200 613 1282 generationem
633 1198 792 1259 carnalem
812 1198 973 1259 inductam
986 1200 1139 1262 mederet.

246 1300 343 1358 Porro
359 1296 499 1357 Christus
514 1295 568 1375 qui
586 1295 631 1357 ita
651 1294 778 1357 volebat
798 1293 839 1354 ad
859 1294 994 1372 gratiam
1016 1295 1142 1357 elevare

206 1398 362 1469 naturam,
378 1398 414 1452 ut
427 1394 547 1452 natura
562 1390 855 1452 accommodaretur
862 1390 976 1467 gratia,
992 1390 1075 1452 hano
1088 1409 1143 1452 oo-

206 1490 364 1551 oasionem
378 1491 504 1549 secutus
520 1490 576 1549 est.
595 1487 686 1548 Scitis
701 1485 855 1561 homines,
873 1485 926 1564 qni
940 1503 999 1565 pro
1019 1490 1141 1549 natura

205 1604 270 1647 suae
284 1584 469 1645 limitatione
484 1583 585 1644 solent
599 1582 759 1660 corporeis
769 1581 960 1660 imaginibus
969 1581 1142 1645 invisibiles

205 1682 237 1741 et
250 1678 427 1758 spirituales
441 1678 555 1738 animae
577 1681 747 1756 conceptus
763 1675 945 1755 depingere,
965 1676 1024 1737 sub
1045 1678 1139 1754 tabis,

204 1772 421 1849 immunditiae,
447 1772 561 1848 sordis,
588 1770 829 1851 inquinamenti,
854 1770 1033 1851 pollutionis
1061 1772 1141 1833 ima·

203 1867 287 1947 gine,
310 1869 341 1929 at
354 1868 541 1946 metaphora
562 1866 675 1927 animae
697 1870 828 1945 peecata
848 1865 1036 1945 significare.
1060 1868 1140 1952 Huio

203 1964 365 2024 hominum
389 1964 555 2042 capacitati
584 1979 705 2023 morem
729 1979 843 2041 gerens
865 1961 1021 2040 scriptura
1048 1980 1141 2024 saara

202 2062 328 2122 auidam
349 2058 578 2146 emundationi,
602 2056 803 2133 dealbationi,
828 2057 953 2119 lavaero
981 2057 1062 2118 solet
1083 2058 1139 2120 ho·

201 2157 321 2217 minum
338 2157 597 2236 justificationem
619 2171 814 2231 comparare.

241 2251 323 2326 Ergo
346 2249 506 2326 quoddam
525 2248 648 2308 visibile
668 2247 830 2306 lavaorum
851 2249 919 2308 erat
939 2246 1138 2326 aptissimum

200 2360 258 2420 por
272 2343 356 2420 quod
372 2343 439 2402 haeo
452 2341 583 2402 interior
597 2343 727 2417 ablutio,
751 2347 782 2402 et
806 2341 961 2402 munditia
981 2342 1139 2420 exprime-

200 2441 297 2513 retur,
314 2437 552 2517 significaretur,
565 2443 758 2517 operaretur.
771 2440 788 2499 J
792 2457 843 2499 am
853 2457 927 2499 varo
939 2438 1134 2498 elementum

200 2555 218 2596 a
242 2538 354 2596 natura
378 2535 568 2597 destinatum
595 2539 746 2616 tanquam
769 2537 909 2598 medium
931 2536 1080 2616 generale
1105 2541 1139 2598 et

200 2630 353 2692 uniforme
376 2632 417 2692 ad
443 2649 613 2709 corporeas
634 2633 849 2694 immunditias
870 2632 1079 2711 extergendas
1104 2640 1138 2693 et

198 2724 421 2803 purificandae,
439 2730 485 2785 est
500 2744 593 2805 aqua.
611 2728 694 2804 Ilrgo
709 2744 795 2806 oquae
808 2726 877 2788 lotio
888 2726 1051 2805 aptissima
1065 2727 1137 2788 visa

198 2824 244 2882 ast
258 2821 390 2897 Christo,
413 2839 483 2900 quae
503 2823 684 2900 generalem
704 2825 736 2882 et
755 2821 943 2882 uniformem
962 2823 1133 2882 hominum
1212 2870 1213 2877 ,

195 2912 428 2975 immunditiam
442 2914 635 2992 purificaret.
748 2947 751 2954 ·

235 3009 283 3068 Ad
299 3009 480 3088 hujusmodi
495 3027 569 3071 voro
586 3011 733 3070 effectum
747 3029 838 3090 aquae
857 3012 931 3073 lotio
949 3016 1018 3072 erat
1034 3011 1134 3071 indif-

195 3103 297 3164 ferens
312 3122 349 3163 ex
365 3122 409 3179 se,
427 3109 458 3164 et
477 3106 610 3183 incapax
626 3107 684 3166 nisi
701 3108 743 3166 ad
761 3107 793 3167 id
810 3107 1054 3186 supernaturali
1069 3108 1133 3168 vir-

194 3201 260 3261 tute
276 3200 461 3260 elevaretur.
481 3201 529 3260 Ad
545 3202 604 3262 hoo
624 3202 720 3280 igitur
738 3204 880 3281 apposite
899 3203 1053 3265 verborum
1066 3204 1134 3282 sor-

194 3295 303 3355 molam
328 3295 557 3374 determinavit,
580 3315 643 3378 qua
660 3298 750 3360 fieret
777 3305 812 3359 ut
834 3299 963 3382 visibilis
987 3299 1132 3377 corporis
1212 3330 1213 3359 1

194 3390 311 3452 ablutio
338 3390 500 3454 invisibilis
528 3399 560 3454 et
587 3394 744 3456 interioris
772 3394 885 3456 animae
912 3394 1131 3457 mundationis
1212 3450 1213 3463 ,

151 3515 154 3524 -
193 3486 283 3549 fieret
300 3487 468 3563 indicium3
491 3493 522 3551 et
542 3490 690 3568 apostolis
708 3490 871 3552 mandavit
889 3496 924 3552 ut
940 3491 1129 3572 hujusmodi
