2442 4125
322 336 362 382 na
383 334 512 382 osmcro
532 336 615 383 sums
637 336 792 404 ossorror,
964 329 1018 388 301

86 499 148 544 nus
162 479 209 541 sie
224 480 403 559 depositum
416 480 678 542 servatnr'donee
691 481 839 545 adveniat
852 483 919 545 dies
933 488 1021 548 resti·

83 578 227 655 tutionis,
244 595 307 657 qua
324 575 523 653 adveniente,
541 579 596 639 aut
619 578 765 640 mutuum
786 579 973 659 restituitur,
990 586 1022 646 et

83 675 202 756 pignus
215 674 390 751 redimitur,
400 675 456 735 ent
467 677 614 737 mutuum
629 691 691 735 non
705 675 890 753 restituitur,
907 679 938 739 et
951 677 1022 758 pig-

83 788 147 832 nns
160 769 372 832 venumdatur
385 771 496 850 quenti
514 770 640 849 plurimi
654 789 712 850 per
725 769 885 850 publicam
903 772 1020 834 auctio·

83 885 171 944 nem,
188 868 223 928 nt
236 884 275 927 ex
288 865 358 945 ejus
370 866 473 945 pretio
488 867 578 929 Mons
590 884 682 930 saeer
695 870 812 929 sortem
826 883 917 929 suam
930 885 1019 928 reon-

82 965 186 1043 peret,
202 961 360 1041 reliquum
374 979 462 1039 vern,
478 962 605 1043 siquod
620 966 677 1041 est,
696 962 849 1025 reddatur
860 965 1019 1026 mutuate-

81 1056 149 1118 riis.
167 1054 226 1116 Hie
244 1071 320 1116 vero
335 1054 361 1114 si
374 1054 462 1134 leges
475 1053 668 1116 fundationis
686 1055 800 1117 Montis
815 1054 942 1118 Pietatis
955 1057 1017 1120 illes

81 1154 148 1214 sint
161 1150 275 1231 quihus
288 1154 435 1212 mutuum
447 1150 546 1230 gratis
560 1149 689 1212 omnino
703 1151 906 1230 eonoedatur,
924 1156 958 1216 nt
975 1155 1017 1216 nil

80 1248 202 1325 praeter
223 1245 340 1306 sortem
360 1243 559 1307 reddendum
571 1243 624 1320 sit,
644 1243 711 1306 sola
731 1244 846 1309 suffieit
863 1248 1017 1312 restitutio

80 1339 178 1402 sortis
195 1343 333 1419 aooeptae
347 1339 372 1400 si
392 1340 508 1423 pignus
526 1341 566 1403 sit
582 1340 813 1419 redimendum,
831 1346 862 1406 et
876 1344 918 1405 nil
939 1364 1019 1425 prae-

80 1441 132 1500 ter
152 1438 271 1498 sortem
296 1435 474 1499 detrahitur
492 1454 531 1497 ex
553 1436 654 1516 pretio
675 1436 816 1518 pignoris
843 1439 1014 1504 divenditi:

81 1533 171 1613 quod
184 1535 328 1612 superest
342 1551 380 1594 ex
393 1532 515 1613 integro
529 1533 705 1596 restituitur
718 1535 927 1596 mutuatariis.

124 1626 159 1688 Si
181 1644 256 1688 vero
278 1626 398 1707 aliquid
427 1631 544 1705 prater
562 1633 681 1688 sortem
708 1626 938 1689 restituendum
963 1630 1014 1704 sit,

79 1729 159 1787 tune
172 1723 240 1785 sola
252 1723 407 1786 restitutio
421 1725 514 1785 sortis
528 1741 592 1786 non
605 1722 721 1785 suffieit
740 1740 797 1801 pro
811 1723 950 1803 pignoris
966 1744 1017 1787 se·

80 1819 285 1898 demptione,
309 1821 342 1881 et
361 1818 480 1900 aliquid
506 1819 589 1882 ultra
612 1823 728 1882 sortem
755 1819 931 1883 desumitur
959 1841 1015 1902 pro

79 1914 199 1977 montis
211 1914 419 1978 indemnitate
433 1933 472 1976 ex
484 1915 625 1996 pignoris
640 1915 831 1980 venditione.
849 1919 894 1978 Ne
909 1920 1015 1980 autem

78 2012 154 2093 plus
172 2027 263 2093 aquo
287 2012 404 2090 praeter
431 2015 550 2075 sortem
576 2013 736 2093 exigatur,
765 2012 912 2077 videlieet
944 2015 1015 2095 plus

79 2125 179 2189 quam
193 2107 405 2169 neeesssrium
421 2108 462 2169 sit
479 2108 520 2171 ad
539 2108 622 2170 sacri
645 2107 759 2171 montis
782 2109 1013 2187 compensatio-

78 2220 166 2282 nem,
181 2202 299 2284 pluries
312 2220 403 2266 saera
416 2204 540 2266 consilii
561 2204 766 2285 congregatio
781 2204 954 2268 declaravit
974 2225 1013 2269 ne

78 2298 274 2378 ultraquam
286 2300 378 2361 terne
391 2301 446 2362 eut
460 2302 615 2377 quaterna
635 2316 692 2377 pro
712 2298 853 2378 quolibet
868 2305 1014 2364 oentena-

78 2394 128 2456 rio
156 2394 344 2473 exigeretur.
370 2394 470 2455 Immo
494 2393 588 2457 statui
608 2395 717 2475 nequit
737 2400 777 2460 ut.
794 2397 912 2480 aliquid
931 2398 1015 2463 ultra

78 2492 198 2553 sortem
220 2489 363 2569 exigatur
385 2493 441 2553 ant
453 2489 524 2569 plns
546 2490 692 2572 exigatur
712 2510 808 2573 quam
829 2497 923 2558 antea
940 2514 1014 2558 oon·

78 2586 193 2664 suerit,
205 2584 264 2647 nisi
277 2586 515 2666 priusoonsulta
527 2587 602 2649 sede
618 2589 800 2668 apostoliea.
819 2590 874 2669 (De
890 2592 1010 2671 Synod.

77 2682 133 2745 lib.
152 2683 386 2763 io,e.a,§1.)
955 2680 958 2687 ⁴

118 2779 151 2839 3⁰
178 2776 224 2837 Ne
251 2774 381 2837 demum
407 2794 427 2839 a
452 2775 649 2857 depositoriis
677 2779 709 2839 et
750 2778 899 2841 ministris
928 2782 1012 2843 seori

77 2872 209 2949 Montis,
234 2871 286 2933 vel
306 2890 326 2934 a
348 2874 545 2937 mutuatariis
572 2891 647 2937 eum
668 2874 856 2939 detrimento
880 2876 940 2939 looi
968 2877 1014 2957 pii

76 2968 206 3031 fraudes
220 2970 465 3047 committantur,
481 2970 574 3050 plura
593 2971 762 3036 salubriter
775 2976 849 3035 snnt
870 2972 1013 3037 instituto

75 3084 134 3147 pro
160 3066 367 3129 indemnitate
402 3085 566 3130 sacrorum
593 3069 747 3132 Montium
786 3071 911 3150 pietatis
946 3089 1013 3133 ser-

76 3160 200 3239 vanda,
215 3165 248 3225 et
272 3162 479 3225 severissimis
502 3166 604 3244 poenis
633 3166 851 3247 delinquentes
878 3167 1011 3246 puniun-

76 3259 137 3334 tur,
155 3256 195 3318 de
210 3258 324 3338 quibus
337 3260 404 3340 agit
417 3260 595 3325 constitutio
613 3281 619 3323 :
636 3260 827 3338 iamdudum,
848 3261 1011 3325 Benedicti

74 3355 155 3512 Χξιίἰ,
172 3357 204 3417 et
225 3355 265 3416 de
289 3356 403 3436 quibus
425 3356 508 3420 foret
531 3358 691 3439 agendum
720 3360 753 3421 in
779 3362 915 3425 tractatu
939 3380 1012 3442 spe-

77 3466 103 3510 er
150 3493 157 3510 .
