2442 4125
342 373 381 418 on
402 371 532 418 omncro
551 371 634 418 rums
657 371 812 418 onnonrcr.
984 363 1041 421 327

100 519 147 582 ad
177 517 359 598 hujusmodi
386 517 465 596 legis
492 517 726 580 observantiam
749 518 901 580 tuendam
924 519 1042 582 deven-

100 618 177 676 tum
191 617 250 676 est.

146 711 247 770 Erant
260 711 366 769 eutem
381 706 512 768 decimae
528 727 535 768 τ
554 706 645 769 Certo
651 726 723 788 pars
732 707 883 788 fructuum
897 709 945 770 cel
953 709 1040 773 lucri.

105 804 201 867 Certo
212 823 296 884 porc,
312 823 375 868 non
389 804 524 881 decima,
541 804 615 883 qnia
629 803 789 866 interdum
807 804 919 884 maior,
944 807 1041 868 inter-

102 901 184 962 dum
198 899 303 962 minor
315 917 372 978 pro
387 898 520 962 diversis
533 899 825 962 consuetudinibus.

146 993 310 1054 Fructuam
324 993 374 1054 vel
389 992 464 1054 lucri
479 993 553 1072 quia
567 994 637 1056 aliae
652 994 780 1055 luerunt
796 993 963 1073 prediola,
983 1015 1040 1058 seu

99 1089 218 1165 reales,
235 1089 304 1150 aliae
319 1106 393 1151 vero
408 1087 599 1150 industrioles
615 1089 664 1150 vel
675 1089 849 1169 personales.

146 1185 314 1247 Praediales
329 1204 367 1246 ex
381 1184 535 1248 fructibus
554 1189 585 1246 et
604 1184 810 1263 proventibus
833 1185 1036 1264 praediorum.

101 1274 216 1347 Quoad
230 1275 335 1336 varias
348 1276 469 1355 species
480 1277 685 1353 decimarum,
698 1279 730 1339 et
735 1277 748 1358 j
753 1295 787 1338 us
798 1295 860 1359 quo
869 1280 1036 1360 debentur,

101 1371 148 1432 ad
161 1371 381 1433 tractationem
394 1373 591 1451 superiorem
605 1377 737 1452 spectat.

145 1467 191 1526 Da
215 1466 357 1546 primitias
386 1472 418 1530 et
444 1468 574 1548 dejure
596 1487 658 1549 quo
680 1469 854 1544 debentur,
877 1472 909 1531 in
936 1473 1035 1534 Instit.

100 1562 196 1624 elem.
222 1565 358 1626 tractare
386 1583 499 1644 parum
522 1567 617 1628 etiam
649 1567 835 1646 proficeret,
864 1582 936 1627 cum
968 1567 1037 1628 baso

101 1658 236 1738 qnaestio
251 1659 345 1720 hodie
360 1661 400 1720 ad
414 1663 537 1740 praxim
551 1663 604 1724 vix
618 1665 748 1740 spectet.

488 1865 594 1915 CAPUT
607 1865 640 1912 11.

167 1989 200 2028 ns
215 1987 406 2030 rsnromnrun
423 1989 554 2030 nconnsrn
568 1988 698 2030 noncnuu
714 1991 971 2041 nunrnrsmsrronr,

141 2122 166 2183 1.
198 2121 469 2194 Quemadmodum
497 2122 644 2183 llcclcsiae
667 2121 720 2202 jus
742 2122 908 2184 tribuimus
929 2127 1034 2205 acqui-

100 2215 193 2276 rendi
218 2218 304 2279 bona
322 2217 528 2296 temporalia,
553 2218 598 2279 ita
626 2218 781 2280 bonorum
808 2219 1035 2298 acquisitorum

101 2312 288 2391 dominium,
301 2318 332 2377 ct
342 2314 427 2394 qnod
442 2331 639 2393 consequens
654 2318 711 2392 est,
722 2314 849 2375 illorum
863 2317 1035 2395 possessio-

100 2427 176 2469 nem
189 2415 221 2470 et
234 2411 537 2472 administrationem
553 2410 710 2491 denegare
724 2412 873 2475 Ecclesiae
885 2432 948 2475 non
962 2432 1035 2493 pos-

100 2524 222 2583 sumus,
245 2512 280 2567 ut
298 2507 459 2588 acquisitis
478 2507 569 2569 bonis
590 2508 724 2585 fruatur,
745 2513 852 2571 utatur
872 2511 917 2572 ita
940 2516 974 2573 ut
997 2529 1034 2571 ea

99 2603 197 2663 linem
211 2620 276 2664 suae
291 2602 507 2664 destinationis
522 2608 765 2683 consequantur.

139 2702 289 2762 Jamvero
303 2701 452 2763 llcclcsiae
468 2702 594 2762 nomine
608 2702 640 2763 in
652 2700 723 2781 jure
738 2705 844 2762 nostro
867 2719 929 2763 non
947 2702 1033 2777 venit

99 2796 224 2857 tantum
237 2797 377 2859 Ecclesia
390 2797 558 2877 generalis,
579 2798 634 2858 sed
656 2796 805 2877 quaelibct
822 2797 1033 2858 ecclesiastica

99 2893 309 2955 communitas
325 2894 357 2954 in
382 2912 438 2955 suo
462 2912 578 2973 genere
601 2892 751 2972 perlecta,
775 2910 847 2972 quae
870 2891 1030 2971 proprium

99 2986 218 3049 habeat
231 2994 402 3067 pastorem,
418 2989 537 3052 clerum
556 2996 588 3050 ct
605 2989 768 3069 populum,
789 2996 820 3049 et
843 2990 931 3050 salva
953 2988 1031 3048 rela-

99 3082 184 3143 lione
200 3101 296 3162 quom
306 3086 483 3147 babctcnm
493 3084 642 3146 societate
658 3084 869 3147 ecclesiastica
877 3083 1029 3166 generali,

97 3180 186 3242 velut
212 3199 287 3258 pars
309 3184 350 3243 ad
373 3201 466 3244 enum
486 3184 602 3258 totum,
628 3199 648 3241 a
676 3181 797 3243 caetcris
821 3181 1031 3259 peculiaribus

98 3278 375 3341 communitatibus
397 3278 616 3341 ecclesiasticis
643 3278 684 3339 sit
710 3278 944 3357 independens;
968 3296 1030 3339 uno

96 3373 194 3434 verbo
219 3375 346 3437 nomine
367 3375 515 3437 Ecclesiae
543 3394 606 3437 non
639 3379 763 3437 tantum
782 3373 869 3436 venit
891 3373 1031 3437 Ecclesia

95 3470 265 3548 generalis,
281 3473 337 3534 sed
350 3473 482 3554 singula
504 3472 658 3534 dioeceses
680 3477 734 3532 aut
754 3472 845 3550 quasi
865 3471 1027 3546 dioeceses,
1133 3526 1135 3530 ,

96 3582 167 3643 quae
181 3568 329 3630 Ecclesia
343 3570 549 3648 particulares
559 3568 632 3649 jure
646 3572 753 3631 nostro
768 3570 935 3643 dicuntur;
953 3584 1028 3646 ergo
