2442 4125
329 351 369 394 nn
389 350 518 395 omscro
538 350 621 397 rnars
643 350 799 396 cruorum.
974 340 1025 398 lot

91 494 192 555 hodie
221 492 295 572 jure
323 492 475 554 canonico
507 494 653 554 voluntas
680 492 777 555 tacita
804 493 854 555 val
882 512 1031 573 expressa

91 605 286 668 sponsorum
299 588 481 667 requiritur.
500 589 588 669 (Gap.
606 589 663 651 ult.
680 589 720 650 de
735 592 888 670 Despons.
904 590 1025 671 impuh.

89 686 127 745 in
143 684 201 763 6⁰.)

134 781 219 858 Ergo
234 779 394 857 sponsalia
407 778 473 841 sine
487 780 649 842 voluntate
664 799 851 859 sponsorum
869 784 1030 845 contracta

91 893 160 936 non
174 875 358 937 consistunt.
375 877 450 937 llaec
464 879 571 937 autem
584 877 731 939 voluntas
746 878 787 939 sit
800 878 985 950 deliberata,
997 879 1029 939 id

90 975 156 1048 est,
167 971 251 1033 facta
264 989 337 1032 cum
350 971 495 1033 libertate
506 979 538 1033 et
551 972 759 1051 advenientia,
773 977 805 1036 et
818 974 908 1055 signo
923 974 1028 1055 aliquo

90 1068 226 1129 externo
240 1067 452 1144 manifestata,
464 1085 527 1147 quo
542 1069 690 1147 cognosci
700 1076 732 1130 et
746 1070 901 1148 acceptari
917 1070 1025 1150 possit.
1058 1058 1063 1069 ’

91 1161 213 1235 Quovis
227 1166 333 1223 autem
346 1164 442 1224 modo
457 1180 627 1223 consensus
642 1164 837 1242 exprimitur.

137 1258 169 1317 3⁰
183 1255 221 1315 In
243 1256 379 1334 saturum
402 1256 643 1317 matrimonium:
659 1257 775 1336 duplex
795 1275 941 1337 persona,
958 1278 1028 1339 quae

90 1351 252 1414 consentit
262 1370 323 1413 non
334 1352 447 1429 solum,
460 1352 515 1413 sed
526 1352 566 1412 ad
577 1370 673 1431 quam
687 1355 910 1432 consentiatur,
923 1357 1029 1435 requi·

90 1452 186 1512 ritor.
203 1482 243 1495 —
256 1450 491 1511 Matrimonium
509 1449 593 1509 enim
613 1450 698 1529 quod
716 1450 799 1511 inter
811 1452 1029 1530 promittentes

91 1546 168 1607 iniri
183 1546 288 1623 debet,
305 1552 337 1607 et
350 1546 444 1627 hujus
458 1548 637 1608 contractus
652 1546 749 1607 finem
762 1545 962 1609 determinat.

370 1693 397 1736 se
410 1694 503 1746 omnum
511 1699 605 1749 poemm
616 1694 752 1739 centolio-e.

136 1792 245 1854 Xl'lll.
262 1792 377 1851 Omnes
392 1790 445 1869 qui
460 1808 523 1851 non
538 1792 779 1852 removeantur:
797 1806 860 1852 non
875 1788 960 1850 enim
975 1789 1027 1851 de-

93 1886 255 1949 sideratur
269 1885 417 1966 quaelibet
431 1885 577 1949 habilites
595 1886 731 1963 positiva
744 1903 801 1965 pro
815 1883 1028 1946 matrimonio.

136 1985 351 2045 Removentur
367 2002 373 2043 :
392 1987 423 2043 1⁰
442 1984 489 2044 Ex
506 1988 621 2044 natura
639 1984 834 2057 contractus,
857 1998 966 2041 omnes
985 1980 1030 2040 illi

92 2080 150 2160 qui
164 2080 341 2141 consentire
355 2082 532 2158 nequeunt3
549 2078 658 2157 quales
669 2077 742 2137 sunt
750 2075 888 2138 minores
903 2079 1032 2155 septen-

92 2177 159 2252 nio,
176 2178 329 2252 amentes,
346 2174 466 2252 furiosi,
484 2179 543 2237 etc.

134 2277 167 2334 2⁰
180 2274 227 2334 llx
240 2275 303 2334 fine
318 2276 350 2334 et
362 2274 496 2334 termino
511 2277 691 2334 contractus
710 2287 819 2332 omnes
838 2269 882 2331 illi
902 2269 955 2349 qui
975 2286 1031 2330 ne·

92 2368 216 2447 queunt
238 2365 372 2426 nubere:
396 2369 428 2425 l⁰
448 2365 483 2428 Si
503 2365 624 2426 nullum
646 2363 922 2442 impedimentum,
946 2361 1032 2423 nulla

92 2460 245 2534 remotim
261 2464 293 2521 2⁰
307 2461 394 2538 risit,
406 2461 579 2522 videndum
593 2479 635 2522 an
644 2461 684 2522 sit
698 2465 896 2539 perpetuum,
909 2477 1028 2520 neone:

135 2556 170 2618 Si
184 2574 289 2617 sermo
302 2556 343 2618 sit
352 2557 391 2617 de
400 2556 627 2635 impedimento
639 2561 791 2636 perpetuo
802 2556 851 2617 vel
863 2556 1029 2615 dirimente

94 2653 145 2712 vel
162 2651 366 2731 impediente,
388 2656 604 2725 removentur3
630 2653 705 2732 quia
725 2653 775 2714 vel
796 2650 1032 2712 matrimonium

94 2748 239 2810 absolute
263 2766 331 2810 esse
353 2767 416 2810 non
437 2753 550 2827 potest,
574 2749 625 2809 vel
645 2748 712 2809 siue
733 2747 863 2809 crimine
887 2743 1031 2806 contrahi

92 2861 160 2906 non
173 2848 289 2922 potest.

135 2940 169 3001 Si
185 2957 259 3001 vero
272 2945 527 3018 temporaneum
546 2940 597 3002 vel
611 2940 792 3002 referuntur
809 2938 892 2998 intra
905 2942 1030 3013 tempus

93 3053 159 3115 quo
183 3035 269 3114 viget
288 3036 548 3114 impedimentum
571 3056 577 3097 :
599 3041 676 3098 tunc
696 3053 760 3095 non
780 3035 982 3094 removentur
1000 3035 1031 3094 et

92 3132 386 3212 sponsalisvalent,
407 3132 579 3196 dummodo
601 3153 639 3194 ex
660 3133 723 3194 alio
745 3130 847 3211 capite
861 3129 950 3192 irrita
968 3147 1029 3192 non

93 3229 362 3292 demonstrentur.

392 3363 418 3404 ³⁰
432 3359 465 3403 Dc
476 3360 586 3416 effectibus
596 3359 740 3415 sponsalium.

135 3458 217 3520 xlx.
242 3457 390 3518 Omnium
412 3460 632 3519 contractuum
653 3457 713 3518 rite
731 3456 878 3520 initorum
902 3457 1030 3516 effectus

95 3550 246 3631 obligatio
260 3554 309 3612 est
321 3549 493 3629 praestandi
506 3550 540 3611 id
554 3550 594 3611 de
608 3567 670 3631 quo
686 3555 875 3614 conventum
889 3552 936 3609 est
949 3546 1030 3607 inter
