2442 4125
157 258 198 319 lo
366 266 594 317 rnsuromonns
614 268 698 313 rums
720 267 874 313 canomcr.

465 442 630 487 laricanus
651 441 772 488 miuus.
865 498 870 504 ,

405 548 447 611 De
461 548 659 611 sacramentis
674 548 706 609 in
719 568 833 630 ponere.

333 704 345 751 5
361 698 381 743 1·
395 710 423 742 BR
439 706 534 742 oniam
548 708 577 741 ln
592 706 688 741 aaron
701 706 915 742 ΒᾸΒΙΔΙΙΝΤΟΙΠΙ.

194 812 218 871 l.
245 809 344 889 Orico.
370 809 490 871 Placuit
519 810 642 871 Christo
666 809 797 869 Domino
820 809 866 869 sic
889 808 1024 874 visibilia
1046 812 1088 873 ad

155 906 322 968 invisibilia
332 904 478 967 ordinare
488 909 523 968 ut
532 905 668 967 visibilia
677 924 740 967 non
750 911 873 966 tantum
884 906 1086 968 invisibilium

155 1002 377 1080 mysteriorum
398 1004 502 1064 essent
522 1007 659 1064 externae
679 1001 923 1079 significationes
941 1005 1087 1063 externa-

155 1116 216 1177 que
231 1098 357 1174 indicia,
374 1098 539 1159 sedetiam
554 1100 594 1161 ad
608 1098 749 1158 internas
762 1098 915 1176 quasdam
930 1100 1088 1177 operatio-

154 1210 211 1254 nes
224 1211 281 1272 pro
296 1193 458 1254 hominum
473 1194 720 1255 sanctificatione
730 1192 949 1271 producendas
960 1194 1087 1255 ordina·

154 1296 273 1353 rantur.
291 1293 358 1351 Hoc
372 1291 446 1354 iecit
459 1293 648 1353 assumendo
663 1292 817 1371 quosdam
830 1292 919 1368 ritus,
932 1293 1085 1371 quasdam

123 1453 127 1460 ,
153 1405 266 1464 praxea
287 1405 342 1447 scu
364 1389 509 1448 externas
527 1387 678 1463 actiones,
694 1404 862 1464 corporeas
881 1392 914 1447 et
932 1388 1083 1465 visibiles,

153 1500 223 1562 quae
239 1482 278 1544 de
292 1500 326 1544 ee
341 1501 404 1545 non
419 1482 478 1544 nisi
494 1483 631 1544 externis
645 1485 677 1543 et
689 1481 865 1545 visibilibus
880 1482 976 1543 rebus
989 1482 1087 1563 signi-
1120 1498 1125 1504 ’

152 1578 284 1638 licendis
299 1578 430 1641 fuissent
442 1580 576 1655 idoneae,
590 1598 706 1657 easque
716 1578 909 1639 sublevando
925 1579 966 1639 ad
979 1580 1042 1641 hoc
1051 1584 1087 1641 ut

153 1672 399 1748 supernaturalis
434 1671 543 1749 gratiae
585 1671 837 1732 distributionem
873 1670 1086 1751 significarent

153 1783 285 1845 eamque
309 1783 364 1845 pro
388 1765 482 1827 modo
507 1784 571 1826 snae
599 1766 835 1846 significationis
860 1768 1082 1845 producerent.

153 1865 280 1942 Septem
294 1866 401 1927 autem
415 1863 540 1923 fuerunt
559 1861 739 1943 hujusmodi
758 1865 836 1924 ritus
855 1865 908 1943 qni
927 1867 1084 1927 constanti

151 1957 320 2019 traditione
334 1956 446 2020 tamin
461 1956 560 2017 latina
573 1961 640 2019 tam
655 1956 686 2015 in
700 1973 806 2034 graeca
819 1955 959 2016 Ecclesia
970 1957 1085 2017 retenti

151 2058 234 2118 sunt.

190 2152 229 2211 ll.
245 2155 364 2213 Horum
377 2151 494 2213 rituum
513 2154 621 2210 acturo
640 2147 769 2228 (quippe
787 2147 819 2207 in
839 2147 990 2210 relatione
1009 2165 1085 2209 con-

150 2235 230 2297 sistit
244 2255 339 2314 quam
354 2237 429 2298 dicit
441 2237 594 2298 terminus
611 2237 741 2299 visibilis
755 2238 797 2298 ad
815 2239 983 2300 terminum
1001 2240 1085 2301 invi-

149 2330 283 2409 sibilem)
306 2337 341 2391 ut
360 2331 598 2408 determinetur,
622 2337 745 2411 oportet
768 2339 803 2394 ut
821 2337 977 2395 statuetur
994 2353 1084 2413 quae-

149 2441 222 2484 nam
237 2426 278 2484 sit
292 2427 405 2484 natura
417 2423 542 2484 termini
556 2424 699 2500 visibilis,
711 2428 824 2486 natura
837 2424 963 2486 termini
975 2425 1084 2486 invisi·
1159 2426 1163 2430 “

147 2517 230 2593 hilis,
247 2517 374 2577 demum
388 2523 502 2578 natura
516 2517 677 2578 relationis
690 2518 774 2578 inter
788 2522 966 2597 utrumque.

189 2616 220 2674 1⁰
234 2615 352 2675 Natura
373 2613 497 2674 termini
519 2612 641 2674 visibilis
659 2617 929 2675 sacramentorum
949 2614 1086 2676 resultat

148 2728 186 2770 ex
206 2711 415 2791 applicatione
439 2709 661 2770 nonnullorum
681 2710 851 2770 verborum
872 2709 999 2770 cuidam
1019 2710 1081 2772 rei.

148 2807 237 2870 Unde
251 2808 356 2870 aiebat
370 2805 564 2887 Augustinus
580 2826 587 2866 :
605 2805 728 2868 accedit
740 2806 873 2866 verbum
887 2806 928 2866 ad
943 2806 1086 2866 elemen-

146 2904 213 2962 tum
228 2907 259 2965 et
273 2905 308 2965 fit
322 2909 565 2966 sacramentum.
583 2903 658 2962 Haec
672 2920 733 2977 res,
750 2903 825 2980 quia
837 2902 1087 2964 indeterminata

147 2999 194 3055 est
208 3013 264 3072 per
278 3015 311 3055 se
326 3003 454 3074 sumpto
466 2996 498 3058 in
513 3013 630 3075 genere
645 2995 891 3074 significationis,
907 3014 928 3055 a
942 2996 1086 3056 schalas-

145 3087 225 3160 ticis‚
243 3086 339 3148 ducta
352 3088 498 3166 analogia
513 3106 550 3148 ex
564 3087 603 3148 iis
623 3106 693 3167 quae
710 3088 856 3149 tradebat
873 3087 1087 3165 peripatetica

146 3181 345 3260 philosophia
359 3184 465 3262 quoad
480 3188 625 3245 naturam
639 3184 762 3262 physici
776 3184 951 3262 compositi,
965 3186 1086 3246 vocata

145 3276 192 3334 ast
210 3274 353 3334 materies.
373 3275 477 3337 Verba
494 3283 611 3352 autem,
624 3295 694 3355 quae
712 3276 923 3337 determinant
938 3295 1006 3336 rem
1020 3295 1084 3340 sau

144 3369 309 3430 materiam
322 3369 354 3431 in
367 3371 590 3451 generepsigni,
603 3375 795 3433 vocaverunt
806 3372 946 3449 termam,
958 3373 1082 3452 quippe

143 3465 256 3543 forma,
277 3466 369 3546 juxta
391 3468 536 3528 eamdem
558 3468 805 3546 philosophiam,
837 3468 892 3533 dat
919 3486 988 3533 esse
1016 3470 1080 3532 rei.
