2442 4125
320 353 360 396 nn
380 333 509 397 currere
528 351 611 397 runis
633 351 788 398 canorum.
960 341 1017 400 323

82 497 143 560 sed
171 495 392 558 tractationem
419 495 501 556 hanc
528 495 707 556 universam
734 495 832 558 relate
856 495 896 556 ed
920 513 1018 556 unum

82 604 240 674 punctum
255 591 475 667 considerabo,
497 590 645 652 videlicet
665 591 696 650 in
715 591 824 651 ordine
839 592 879 652 ad
895 591 1019 653 distinc-

82 689 205 748 tionem
223 689 352 764 propter
372 701 467 763 quam
489 702 541 744 res
559 686 765 763 temporales,
791 703 861 764 quae
881 685 1019 766 alioquin

84 787 193 843 essent
213 780 417 842 saecnleribus
439 781 548 840 usibus
575 779 751 858 destinatae,
771 787 843 842 sunt
857 781 1020 842 ecclesias-

82 878 169 951 tices,
187 875 274 937 etita
288 874 427 937 evadunt
441 873 600 954 objectum
615 875 810 936 exclusivum
820 875 900 955 juris
908 876 1017 937 nostri.

125 973 200 1033 lem
222 989 297 1032 vero
320 988 371 1032 res
392 971 584 1050 temporales
604 971 638 1030 in
661 970 771 1031 ordine
793 972 834 1033 ed
855 972 937 1031 hanc
959 971 1019 1031 dis-

83 1067 270 1128 tinctionem
284 1065 477 1128 considerari
490 1068 622 1144 possunt
636 1066 667 1126 in
682 1066 795 1146 triplici
810 1070 910 1141 statu;
933 1068 1019 1128 vide·

82 1161 180 1223 licet:

126 1261 159 1318 l⁰
173 1259 208 1318 ln
222 1260 306 1319 statu
320 1275 382 1336 quo
397 1251 577 1337 hujusmodi
591 1256 823 1318 distinctionem
839 1258 1017 1336 acquirunt,

82 1371 143 1413 seu
163 1357 328 1414 transeunt
347 1354 380 1413 iu
394 1353 570 1414 dominium
583 1353 742 1430 Ecclesiae,
768 1353 856 1414 stite
869 1352 908 1415 de
924 1372 1019 1416 saecu·

83 1446 206 1507 laribus
219 1447 300 1509 liunt
313 1446 544 1508 ecclesiasticae.

125 1546 159 1602 2⁰
183 1544 218 1604 ln
241 1546 325 1604 stetu
348 1559 410 1621 quo
433 1546 563 1605 manent
584 1545 618 1602 in
638 1542 793 1621 acquisito
807 1541 1017 1616 distinctione,

82 1659 144 1700 seu
157 1643 230 1699 sunt
252 1640 311 1700 sub
332 1639 470 1700 dominio
492 1642 524 1699 et
543 1638 740 1718 possessione
763 1636 922 1711 Ecclesiae,
948 1653 1018 1716 quae

83 1735 156 1794 illas
179 1733 378 1795 administret
400 1736 432 1794 et
454 1732 614 1794 distribuit
636 1735 671 1794 ut
691 1733 786 1792 finem
804 1749 869 1791 suae
891 1730 1020 1790 distinc·
1071 1719 1073 1723 ⁸

83 1827 182 1890 tionis
195 1827 369 1890 obtineant.

125 1925 382 2002 3⁰1nstatuquo
400 1921 583 2002 hujusmodi
602 1919 837 1983 distinctionem
857 1918 1016 1994 emittunt,

84 2035 144 2079 seu
158 2018 197 2079 de
212 2018 360 2081 Ecclesiae
376 2018 514 2081 dominio
529 2018 561 2078 in
576 2017 715 2079 alienum
729 2014 904 2078 dominium
918 2018 1018 2076 trans·

84 2115 240 2192 teruntur,
256 2134 312 2177 seu
326 2115 366 2177 de
381 2114 601 2177 ecclesiasticis
615 2114 694 2173 frunt
707 2111 884 2173 saeculeres.

126 2213 209 2291 Ergo
232 2211 452 2273 tractationem
474 2215 615 2273 nostram
637 2208 813 2271 dividemus
834 2206 867 2283 in
888 2206 948 2268 tria
969 2223 1018 2266 ce·

84 2306 175 2385 pita:

126 2406 159 2461 l⁰
186 2404 231 2463 De
262 2403 484 2481 temporalium
515 2401 662 2463 Ecclesiae
694 2400 850 2463 honorum
882 2397 1018 2481 acquisi-

84 2499 190 2569 tione;
850 2542 854 2551 .

124 2598 159 2655 2⁰
173 2596 218 2653 De
232 2594 453 2673 temporalium
470 2592 618 2653 Ecclesiae
639 2592 794 2653 bonorum
817 2588 1018 2651 administra-

85 2692 189 2765 tione;

125 2791 159 2848 3⁰
173 2788 217 2846 De
232 2785 452 2864 temporalium
473 2782 620 2845 Ecclesiae
640 2782 795 2843 bonorum
816 2776 1014 2839 alienatione.

422 2999 527 3049 CAPUT
543 2996 682 3047 PRlMUM.

253 3128 286 3166 DE
301 3127 495 3174 ACQUISI'HONE
511 3127 639 3166 BONORUM
656 3122 857 3164 Teneonscwu.

125 3259 298 3339 Aequisitio
313 3260 469 3323 bonorum
482 3258 703 3337 temporalium
713 3257 815 3347 potest
824 3251 1019 3314 considerari

84 3354 118 3413 in
139 3356 250 3416 ordine
271 3356 311 3417 ed
332 3357 386 3436 jus
406 3362 438 3419 ct
458 3359 490 3417 in
514 3355 624 3416 ordine
646 3354 686 3413 ad
708 3353 836 3412 factum.
863 3348 1018 3412 Videlicet

84 3454 189 3528 potest
202 3451 394 3513 considerari
410 3457 444 3514 ut
455 3453 506 3532 jus
520 3449 704 3529 acquirendi
717 3448 767 3508 vel
781 3447 894 3508 modus
909 3446 1019 3525 ecqui-

85 3547 187 3607 rendi.
