2442 4125
186 310 242 371 158
396 318 626 367 lusnwrlollss
647 318 730 363 sums
752 318 905 365 cruorum.

223 465 370 529 Ecclesiae
385 463 429 525 nil
442 463 588 536 sortitur;
606 461 663 522 sed
677 464 784 539 posset
800 461 950 539 disputari
966 463 1009 523 de
1028 463 1145 543 justi-

185 566 240 640 tia,
250 563 324 643 quia
333 560 488 640 illegitimi
502 563 575 622 sunt
584 558 649 620 nati
660 576 698 619 ex
707 557 870 637 illegitima
884 555 1141 637 conjunctione,

186 679 249 721 non
263 660 331 721 viae
346 674 448 719 versa.

225 761 257 818 2⁰
271 757 378 816 Potest
390 769 563 833 agnoscere
577 768 690 812 causas
704 767 813 811 omnes
828 750 1093 819 matrimoniales
1108 754 1141 812 in

187 856 340 934 quantum
360 853 502 929 spactant
522 847 563 907 ad
585 848 715 909 allectus
733 846 840 907 civiles
859 848 943 907 ortos
963 864 1005 906 ex
1020 848 1141 908 matri-

187 949 303 1024 monio,
326 946 376 1006 vel
397 962 435 1004 ax
456 942 666 1022 sponsalibus,
692 941 801 1003 velex
824 940 1021 1001 matrimonii
1049 942 1140 1003 solu-

186 1044 290 1114 tione3
310 1042 387 1119 puta
401 1039 440 1099 de
455 1036 703 1113 haereditatibus,
720 1037 759 1097 de
774 1034 1011 1113 donationibus,
1028 1038 1078 1097 de
1092 1038 1139 1097 le-

186 1138 351 1217 gitimitate
366 1134 472 1214 quoad
483 1135 612 1197 effectus
623 1133 741 1210 civiles,
754 1133 793 1193 de
803 1131 940 1193 mulctis,
952 1134 1011 1194 Hae
1023 1151 1136 1193 causa

187 1250 336 1294 connaxae
355 1233 428 1292 sunt
445 1247 517 1291 cum
535 1228 746 1305 matrimonio,
763 1227 820 1288 sed
834 1226 952 1288 directe
966 1234 1002 1287 61
1016 1228 1136 1288 imme-

187 1329 270 1389 diate
285 1327 457 1407 respiciunt
470 1344 522 1385 res
535 1324 678 1404 politicas
694 1328 725 1387 61
737 1323 938 1405 temporales.

227 1423 355 1487 Sanctio
370 1422 410 1482 de
424 1421 644 1501 illegitimitate
661 1441 668 1482 :

228 1523 259 1581 l⁰
286 1516 417 1580 lnvertit
443 1520 604 1590 naturam
627 1515 803 1592 excessiva,
824 1512 940 1594 injusta
960 1518 1033 1576 est:
1052 1514 1132 1576 Aliis

187 1616 300 1677 mediis
314 1619 404 1677 curat
416 1613 562 1692 princeps
576 1613 728 1692 consequi
741 1612 897 1673 effectum.

226 1718 259 1773 2⁰
273 1711 509 1772 Contradicerct
522 1708 669 1770 Ecclesiae
685 1707 774 1787 eujus
787 1708 874 1787 leges
890 1726 948 1787 pro
963 1707 1051 1769 bono
1069 1712 1130 1767 sta·

187 1812 238 1869 tus
252 1805 347 1866 debet
360 1804 401 1865 ad
416 1804 651 1865 observantiam
665 1822 790 1884 urgere.

227 1905 260 1963 3⁰
285 1902 462 1980 Attingeret
483 1899 694 1963 moralitatem
718 1904 749 1963 et
774 1900 869 1961 linem
897 1902 1128 1979 supernatura-

188 1998 261 2059 lem.

228 2097 259 2154 1ο
281 2091 423 2154 Crudelis
444 2096 475 2154 et
495 2090 643 2167 barbara,
660 2091 687 2149 si
709 2090 766 2150 bos
784 2090 865 2152 filios
884 2109 904 2150 a
923 2092 1126 2153 successione

135 2257 138 2260 ⁴
189 2189 379 2250 excluderat.
402 2187 542 2250 Ecclesia
562 2190 668 2266 posset
689 2186 877 2250 interdicere
898 2189 957 2248 has
978 2186 1070 2268 legas
1095 2196 1127 2250 ut

189 2286 362 2347 contrarias
375 2286 545 2350 moralitati
558 2288 590 2347 61
602 2284 659 2345 fini
673 2283 916 2362 supernaturali.

543 2483 613 2536 Pars
625 2481 765 2548 specialis.

231 2648 354 2710 Statuta
375 2643 545 2725 originaria
564 2648 595 2706 et
607 2644 834 2724 independenti
852 2643 998 2706 Ecclesia
1019 2649 1134 2723 potas--

189 2747 254 2808 1616
269 2743 352 2805 61166
366 2742 526 2804 vinculum
540 2740 771 2802 matrimoniale
785 2740 937 2816 fidelium,
950 2738 1126 2802 videndum

189 2834 333 2924 superest
346 2840 387 2901 ad
401 2840 558 2917 integram
573 2837 765 2899 matrimonii
780 2836 944 2900 christiani
961 2838 1125 2899 tractatio-

189 2957 273 3018 nem,
286 2956 349 3019 qua
359 2933 551 3014 disciplinari
561 2933 632 3013 lege
643 2934 768 2996 vinculo
783 2931 1006 2996 matrimoniali
1017 2933 1124 2995 116616-

190 3035 236 3096 sia
257 3035 442 3114 prospiciat,
457 3050 513 3092 seu
532 3049 596 3111 qua
609 3030 757 3110 prudenti
779 3030 955 3092 aeconomia
967 3029 1123 3111 gubernat

190 3128 299 3189 fideles
313 3130 346 3191 in
360 3130 470 3192 ordine
485 3127 527 3188 ad
541 3127 702 3188 vinculum
719 3126 960 3189 matrimoniale.

230 3226 328 3285 Porro
352 3226 513 3286 vinculum
541 3221 773 3284 matrimoniale
800 3226 905 3302 potest
932 3221 1122 3286 considerari

191 3316 241 3376 val
265 3319 515 3382 contrahendum
537 3321 588 3381 vel
612 3322 835 3390 contractum:
860 3320 943 3398 Ilrgo
963 3318 1031 3380 baec
1048 3337 1120 3396 pars

190 3411 335 3490 specialis
357 3418 468 3491 sponte
491 3416 659 3494 bipartitur
683 3417 718 3476 ut
742 3417 772 3474 l⁰
792 3414 959 3497 loquamur
977 3412 1015 3473 dc
1031 3413 1119 3476 disci·

190 3507 278 3584 plina
300 3506 446 3567 Ecclesiae
471 3509 502 3566 in
526 3512 635 3572 ordine
655 3511 697 3570 ad
710 3511 871 3572 vinculum
893 3509 1118 3574 matrimoniale
