2442 4125
298 352 335 398 nn
356 353 486 400 omrem
507 349 590 399 vuars
611 352 770 400 uasorum.
945 342 1004 404 23¹1

236 495 779 552 ruummampesemmuan.

101 595 125 656 l.
143 593 269 656 Natura
286 593 562 654 sacramentalium
581 592 688 672 quoad
705 610 806 672 genus
824 592 1004 671 proximum

64 688 241 749 communis
262 691 309 748 est
331 705 403 749 eum
424 689 630 748 sacramentis
649 688 682 748 in
701 688 817 766 quibus
836 686 1003 767 utrobique

62 783 220 862 reperitur
233 788 366 845 externa
375 787 407 844 et
416 783 548 846 visibilis
560 784 702 861 operatio
712 801 784 863 quae
794 783 836 843 ad
846 783 1003 844 internam

62 884 93 941 et
105 879 302 941 invisibilem
315 880 426 959 gratiae
442 879 660 957 operationem
673 883 742 940 tum
762 877 1002 958 significandam

62 978 127 1031 tum
150 971 355 1032 efficiendam
378 971 552 1033 ordinatur.
577 971 641 1033 Sed
661 971 839 1033 differentia
858 971 1002 1051 proxima

62 1066 121 1126 alia
135 1071 183 1126 est
197 1073 484 1143 sacramentorum,
501 1066 563 1128 alia
577 1067 863 1128 sacramentalium.
884 1067 924 1126 Et
941 1066 1001 1126 bec

63 1161 165 1240 quoad
180 1162 246 1222 duo
267 1181 274 1222 :
292 1165 322 1223 1⁰
338 1161 449 1233 Quoad
462 1162 663 1224 auctoritatem
682 1179 746 1242 qua
758 1162 901 1225 instituta
913 1165 997 1238 suut,

61 1259 92 1316 2⁰
105 1256 212 1336 quoad
227 1257 290 1317 vim
309 1265 338 1316 et
355 1254 519 1334 esfieou'am
538 1274 600 1336 qua
619 1257 770 1336 madent.
791 1258 933 1337 Namque
951 1274 1000 1317 sa·

63 1357 224 1415 eramenta
249 1371 270 1413 a
293 1351 416 1413 Christo
438 1351 573 1414 Domino
594 1351 702 1414 divina
721 1353 906 1416 auctoritate
926 1357 1000 1414 sunt

61 1447 218 1522 instituta3
237 1451 351 1510 contra
364 1465 440 1508 vero
462 1448 703 1511 sacramentalia
722 1451 763 1510 ab
784 1449 936 1524 Ecclesia,
957 1449 999 1509 ab

63 1543 198 1606 bumana
222 1544 415 1606 auctoritate
438 1543 590 1623 originem
611 1544 803 1605 habueruut.
829 1542 894 1604 Sed
914 1541 998 1622 quod

63 1639 160 1721 majus
174 1644 237 1718 ast,
263 1642 461 1700 sacramenta
480 1643 569 1701 tanta
582 1640 717 1719 predita
736 1642 810 1701 sunt
829 1636 944 1699 virtute
965 1641 1000 1698 ut

63 1735 121 1797 sint
133 1737 254 1813 media,
278 1736 487 1797 instrumenta
508 1753 563 1797 seu
585 1755 670 1797 verae
689 1753 793 1797 causae
812 1734 994 1811 allicientes,

63 1827 258 1890 secundariae
270 1833 378 1888 tamen
393 1831 425 1888 et
445 1828 712 1905 instrumentales,
734 1829 845 1910 gratiae
858 1829 942 1890 illius
956 1828 997 1890 ad

10 1981 11 1984 ,
65 1941 154 2003 quam
168 1925 370 1988 ordinantur.
387 1925 477 1986 Unde
491 1924 640 1986 dicuntur
652 1931 851 1988 sacramenta
864 1925 929 1987 vim
938 1926 996 1986 be-

65 2019 134 2082 bere
148 2041 186 2084 er
200 2039 291 2103 opere
304 2027 435 2101 operato.

101 2118 216 2179 Contra
253 2134 351 2194 vero,
375 2114 618 2178 sacramentalia
645 2117 706 2177 bac
727 2116 777 2192 vi,
802 2116 863 2178 bac
886 2116 997 2179 intima

66 2211 174 2275 virtute
196 2214 425 2290 destituuntur,
451 2218 483 2275 et
507 2214 538 2273 in
562 2216 685 2275 tautum
707 2216 781 2275 suut
800 2212 942 2274 efficacia
963 2214 994 2273 in

67 2313 212 2385 quantum
232 2312 315 2370 Deus
328 2328 386 2389 pro
400 2326 459 2373 sua
471 2308 666 2389 benignitate
680 2310 790 2372 annuit
801 2309 876 2372 fidei
890 2311 994 2373 Eccle-

66 2402 115 2463 siae
130 2424 199 2485 quae
223 2405 303 2467 ritus
323 2404 393 2466 illos
416 2404 548 2467 instituit
572 2410 603 2467 et
625 2405 814 2486 frequentat,
840 2411 872 2469 et
892 2407 993 2470 bonas

66 2500 300 2578 snsdpientium
314 2499 533 2579 dispositiones
548 2500 736 2564 considerat.
754 2504 844 2566 Unde
858 2521 921 2564 non
937 2504 994 2565 ba·

67 2591 136 2657 bent
161 2596 229 2658 vim
257 2595 418 2657 efficacem
445 2597 579 2677 gratiam
602 2600 765 2678 operandi,
789 2600 846 2659 sed
869 2601 993 2659 tantum

69 2705 124 2749 eom
138 2690 321 2772 impetrandi
334 2709 372 2751 ex
385 2692 441 2752 Dei
457 2693 674 2755 misericordia
688 2696 720 2753 et
732 2692 885 2753 bonitate.

104 2784 190 2847 Unde
205 2786 233 2847 si
248 2791 444 2849 sacramenta
459 2788 669 2850 definiuntur:
682 2788 772 2849 Ritus
785 2784 924 2846 visibiles
939 2785 994 2862 qui

69 2897 103 2940 er
127 2885 241 2947 Christi
269 2887 392 2947 Domini
420 2887 626 2964 institutione,
650 2887 760 2966 gretiae
783 2888 851 2947 tum
873 2882 993 2962 signill-

69 2977 171 3040 candae
185 2983 254 3041 tum
267 2980 439 3042 efficiendae
454 2982 517 3044 vim
537 2981 672 3061 habent;
695 2980 758 3041 dici
778 2978 895 3039 debent
915 2994 993 3037 ane-

68 3066 163 3149 logice
177 3075 440 3138 sacramentalia:
466 3078 552 3138 Ritus
574 3076 700 3137 visibiles
722 3074 776 3154 qai
796 3090 833 3133 ea
853 3072 993 3135 Ecclesia

69 3162 244 3231 institutore
266 3173 372 3251 qvotioe
401 3180 460 3233 tam
484 3169 687 3252 siyaifiroodoe
710 3178 770 3229 tum
798 3168 991 3249 implorandae

69 3258 123 3319 oim
136 3263 251 3327 tabeat.

104 3356 140 3417 lI.
157 3361 290 3423 Definita
310 3360 354 3422 sic
375 3367 488 3424 natura
507 3361 783 3423 sacramentalium
803 3363 844 3424 ad
865 3363 990 3426 illorum

68 3450 328 3523 accusatoremne
344 3460 402 3535 est,
419 3474 488 3536 qua
503 3461 576 3519 sunt
590 3458 793 3537 multiplices,
810 3464 842 3521 et
860 3465 991 3537 possunt

70 3540 223 3628 distingui,
248 3554 279 3611 l⁰
303 3569 360 3630 pro
384 3552 601 3633 materiaque
624 3553 850 3627 conficiuntur;
875 3559 908 3613 2⁰
931 3567 989 3627 pro
