2442 4125
338 374 378 423 on
398 374 528 425 omacio
549 376 632 425 sums
654 374 810 425 canoniea
981 366 1039 426 325

106 521 221 603 gulare
234 523 269 582 ιιι
282 519 322 581 de
335 520 374 580 iis
389 520 547 599 agendum
561 520 602 580 sit
616 519 731 599 injure
746 520 968 595 eeclesiastico,
985 520 1040 580 sed

107 617 329 680 communibus
343 614 527 695 acquirendi
540 617 642 677 modis
663 634 720 677 usa
743 618 791 681 est
812 617 952 679 Ecclesia
976 618 1043 695 qui-

106 713 170 774 bus
184 711 322 772 assolent
336 710 419 770 aives
434 727 504 788 quae
519 709 579 769 sibi
592 710 772 769 necessaria
785 712 858 769 sunt
878 709 937 771 sibi
959 727 1042 770 oom-

106 806 235 887 parare.
251 807 345 885 Ergo,
360 805 399 865 iis
414 805 542 880 relictis,
559 803 599 864 de
614 804 724 883 primis
739 823 879 884 agemus,

150 905 249 965 Porro
272 919 345 964 oum
365 901 442 961 nihil
462 901 565 980 magis
588 900 733 961 naturale
756 901 796 963 sit
817 905 851 963 ut
871 900 893 961 ii
907 900 1043 962 sentiant

108 998 311 1061 incommoda
325 996 433 1076 quide
447 996 613 1058 eommodo
627 996 829 1076 participent,
846 996 922 1056 nibil
941 997 1044 1075 magis
1119 988 1123 993 ’

109 1111 238 1174 mquum
259 1092 318 1154 fuit
340 1097 375 1154 ut
394 1092 536 1153 fidelium
559 1092 769 1153 oblationibus
790 1092 961 1171 peculium,
987 1110 1043 1153 seu

108 1189 223 1251 melius
245 1188 470 1268 patrimonium
493 1188 740 1249 ecclesiasticum
763 1188 907 1266 primitiis
928 1189 1044 1249 eonsti-

108 1289 214 1347 tutum
226 1285 276 1345 sit.

150 1377 339 1459 Hujusmodi
360 1381 467 1439 autem
489 1378 664 1440 oblationes
695 1379 764 1441 aliie
796 1379 924 1441 fuerunt
949 1388 1043 1457 spou-

107 1476 223 1551 anea,
239 1474 310 1536 aliae
324 1471 528 1552 obligatorias.

293 1649 306 1695 fi
321 1644 342 1687 I·
357 1655 385 1687 b}
400 1654 541 1689 ambuantis
556 1655 669 1689 immun
685 1654 861 1688 onuaulomuus.

150 1752 203 1813 lll.
219 1754 289 1813 Istoe
303 1751 432 1812 fuerunt
445 1752 543 1812 variae
560 1771 567 1812 ι

151 1847 183 1905 1⁰
196 1844 275 1906 Alis
287 1844 406 1905 fiebant
419 1844 461 1904 ad
475 1843 585 1920 altare,
595 1849 738 1922 tempore
747 1842 902 1905 sacrificii.
921 1842 1039 1905 Goneil.

109 1940 259 2019 Garthsg.
276 1941 306 2015 3,
324 1958 351 2001 e.
367 1943 418 2000 24.
433 1974 474 1985 -
488 1939 562 2000 Gsn.
580 1944 681 2018 apost.
698 1942 728 2001 3.

150 2039 183 2096 2⁰
196 2034 274 2097 Alis
288 2034 321 2096 in
345 2035 502 2116 exsequiis
524 2039 733 2112 mortuorum,
749 2036 782 2096 in
800 2035 898 2097 saeris
919 2033 1040 2112 officiis

109 2131 316 2192 saoramentis
330 2131 546 2210 suscipiendis.

150 2228 184 2287 3⁰
209 2226 288 2288 Alias
311 2226 585 2303 hebdomadariae,
609 2231 641 2289 et
667 2230 846 2289 menstruae.
872 2229 904 2289 S.
937 2227 1039 2303 Paul,

112 2324 125 2382 l
141 2324 227 2399 Gon,
242 2339 308 2400 xvi,
324 2326 363 2391 ιη
379 2323 522 2400 Tertull,
539 2323 687 2402 Apolog.,
705 2342 732 2385 o.
750 2327 800 2386 39.

150 2422 184 2476 4⁰
197 2417 275 2478 Aliae
285 2417 412 2478 demum
421 2418 684 2498 quandocumque
693 2425 725 2480 et
733 2420 1039 2500 quomodocumque.

151 2505 340 2584 Huiusmodi
352 2507 532 2585 spontaneis
547 2508 756 2573 oblationibus
771 2512 913 2586 adcessit,
937 2517 969 2571 et
983 2511 1045 2570 im-

36 2669 39 2673 7
109 2604 295 2681 paratorum
321 2602 563 2664 obiistiauorum
591 2605 703 2682 pietas,
734 2606 788 2685 qui
815 2606 1042 2683 amplissimam

109 2703 334 2757 concesseruut
353 2697 499 2758 fidelibus
527 2699 710 2760 faeultstem
739 2699 927 2778 disponendi
948 2700 987 2759 de
1009 2718 1043 2759 re

109 2811 168 2854 sua
182 2792 215 2853 in
229 2790 370 2852 favorem
383 2794 541 2871 Eeelesiae,
553 2794 619 2855 sive
635 2796 755 2857 aotibus
769 2795 852 2856 iuter
866 2796 964 2873 vivos,
978 2796 1043 2856 sive

109 2904 207 2946 eausa
220 2887 340 2963 mortis,
356 2893 412 2947 aut
425 2890 668 2950 testamentariis
687 2889 936 2950 successionibus
948 2909 956 2961 ;
979 2889 1042 2948 imo

109 2984 142 3044 et
151 2980 226 3061 jura
238 2986 434 3059 agnoverunt
447 2982 554 3043 favore
568 2983 716 3044 Ecclesiae
732 3002 789 3062 pro
805 2983 956 3045 intestato
971 3000 1044 3042 suu-

109 3077 251 3138 uessione
270 3077 456 3139 elericorum
477 3081 508 3139 et
529 3080 773 3154 monachorum,
799 3077 852 3158 qui
874 3095 937 3139 non
959 3078 1042 3137 facto

108 3175 297 3233 testamento
311 3172 378 3232 sine
394 3173 572 3234 haeredibus
584 3173 733 3252 legitimis
741 3173 959 3234 decessissent.
976 3175 1042 3232 Imo

109 3265 151 3327 ad
171 3267 352 3346 augendum
365 3267 415 3328 vel
434 3268 664 3344 providendum
686 3269 909 3348 patrimonium
933 3269 1043 3330 Eleale-¹

108 3363 178 3438 siae,
192 3366 224 3423 et
244 3361 384 3424 redditus
404 3363 609 3442 munieipales
628 3381 684 3440 pro
704 3364 850 3423 ldoolesiis
871 3366 1046 3426 constitue-

108 3464 193 3531 runt,
210 3462 242 3519 et
254 3458 396 3519 redditus
410 3459 511 3520 uultus
533 3459 648 3538 pagani
674 3463 705 3520 et
723 3459 914 3538 templorum
944 3461 1045 3539 genti·

107 3553 187 3613 lium
198 3553 231 3613 in
245 3571 321 3614 usus
334 3553 562 3615 aeclesiasticos
576 3554 790 3616 coutulerunt.

221 3667 286 3705 nou.
307 3667 339 3706 ιι.
913 3655 945 3706 tt
