2442 4125
199 338 255 397 lta
404 345 634 393 memnonos
654 344 737 391 roms
759 344 912 392 cononici.

196 494 369 577 gnitionem
383 491 425 551 ad
438 508 473 551 ae
486 473 661 565 traxerunt,
677 488 795 567 quippe
810 506 859 551 ras
876 490 1054 569 spiritualia
1070 498 1136 553 erat

197 589 336 670 profanis
348 586 507 667 judicibus
521 602 584 646 non
599 586 807 675 attrectanda.

237 688 288 747 xl.
320 684 410 756 Quod
437 686 544 743 autem
567 684 746 742 contractus
773 686 805 743 et
826 682 955 762 quidem
980 684 1134 746 naturalis

196 780 388 843 matrimonii
402 778 442 841 sit
455 784 699 854 sacramentum,
716 781 804 855 patet
821 798 827 837 :

238 881 268 939 1⁰
287 878 334 938 lix
351 876 486 951 Christo,
502 874 627 947 Mattn„
644 890 707 946 xrx,
724 874 779 934 uhi
799 873 903 952 legem
923 876 1133 954 promulgans
1213 947 1214 959 χ

197 969 386 1033 matrimonii
404 966 577 1043 christiani,
593 966 670 1027 illud
690 970 818 1028 revocat
837 966 870 1026 in
889 985 982 1028 suam
1004 969 1133 1046 primiti-

196 1084 269 1127 vam
284 1064 521 1126 institutionem.

236 1166 268 1223 2⁰
287 1162 333 1221 llx
350 1160 448 1220 Paulo
468 1158 510 1219 ad
530 1157 648 1219 Corint.
665 1174 709 1234 xr,
732 1157 786 1217 nbi
806 1160 955 1219 revocata
972 1160 1133 1237 primitiva

196 1255 336 1335 conjugii
349 1254 542 1317 institutione
556 1252 646 1314 addit
663 1273 669 1314 :
687 1252 977 1332 hortamentum,
992 1259 1056 1318 eto.
1075 1260 1132 1317 Neo

197 1351 284 1413 dieas
294 1351 367 1411 hine
377 1350 473 1410 etiam
486 1348 661 1409 infidelium
671 1348 863 1409 connubium
873 1366 941 1409 esse
952 1368 1134 1413 sacramen-

197 1452 277 1520 tum‚
293 1447 338 1508 sio
357 1446 442 1507 enim
459 1450 607 1505 vocatum
621 1446 661 1505 ab
676 1444 743 1524 ipso
758 1445 939 1507 lnnooentio
955 1448 998 1507 lll
1023 1449 1063 1528 (o.
1082 1466 1134 1512 vni
1216 1497 1217 1529 1

197 1541 238 1601 de
258 1538 404 1620 Divom).
427 1538 514 1600 Licet
533 1540 660 1598 maneat
681 1538 713 1597 in
734 1555 792 1597 sua
806 1537 964 1600 abstracta
978 1540 1134 1620 significa·

197 1638 293 1713 tione,
310 1654 372 1698 non
387 1637 442 1697 fiet
455 1634 580 1713 signum
594 1632 770 1711 praetioum
784 1636 815 1695 et
830 1632 941 1695 efficax
952 1637 1081 1715 gratia,
1099 1638 1135 1698 ob

198 1729 411 1789 uenditionem
426 1724 692 1786 contrahentium.

237 1826 270 1883 3⁰
284 1819 444 1907 llugqninn
458 1822 500 1882 lv
513 1837 571 1897 pro
585 1820 790 1883 instructione
804 1823 1017 1883 Armenorum
1035 1844 1042 1885 :
1060 1827 1135 1905 San
1218 1863 1219 1885 2

199 1918 311 1980 timum
325 1919 374 1978 est
388 1917 621 1977 sacramentnm
634 1916 836 1995 matrimonii,
848 1918 934 1998 quod
948 1923 996 1981 est
1012 1920 1135 2001 signnm

200 2012 428 2095 conjunctionis
447 2010 561 2076 Christi
580 2030 653 2074 oum
671 2013 849 2076 Ecclesia...
873 2016 975 2077 Causa
995 2016 1135 2078 efficiens
1219 2047 1220 2072 t

198 2113 389 2177 matrimonii
404 2117 452 2176 est
465 2116 593 2175 mutuus
613 2129 782 2174 consensus
801 2131 859 2193 per
876 2113 975 2175 verba
995 2115 1037 2176 de
1059 2133 1135 2194 pra·

200 2211 280 2272 senti
294 2210 482 2290 regulariter
496 2225 672 2289 expressus.

239 2313 272 2369 4⁰
292 2309 433 2368 'lrident
451 2310 540 2370 seeo.
565 2311 604 2368 nl
626 2307 666 2368 de
686 2325 768 2368 saer.
792 2307 947 2382 matrim.;
972 2310 1135 2389 praemissa

201 2403 395 2463 institutione
410 2404 569 2480 primitiva
586 2423 593 2465 :
610 2403 750 2464 Gratiam
768 2421 837 2482 quae
857 2405 1036 2465 naturalem
1050 2405 1135 2466 illum

202 2513 343 2556 amorem
357 2497 534 2576 perficeret,
551 2505 583 2560 et
595 2498 845 2560 indissolubilem
864 2501 1017 2562 unitatem
1033 2503 1135 2562 firma-

201 2594 261 2668 ret,
277 2591 482 2674 oonjugisque
497 2595 718 2671 sanctificaret,
735 2594 801 2673 ipse
817 2595 996 2659 Christus...
1009 2616 1068 2658 sua
1082 2615 1136 2657 no·

201 2686 250 2748 his
265 2687 409 2766 passione
424 2687 610 2766 promeruit.

241 2784 282 2844 llt
294 2781 376 2843 infra
392 2801 399 2842 ε
416 2783 493 2843 Cum
507 2781 605 2859 igitur
618 2779 854 2841 matrimonium
867 2781 900 2840 in
914 2783 986 2861 lege
1001 2801 1136 2863 evange-

153 2915 156 2920 ·
201 2881 263 2942 lion
275 2878 434 2943 veteribus
449 2876 614 2938 eonnuhiis
627 2894 685 2956 per
698 2875 857 2938 Christum
876 2878 979 2957 gratia
996 2883 1134 2958 praestet,

201 2977 314 3038 merito
328 2975 411 3038 inter
429 2991 518 3036 novae
537 2972 616 3050 legis
635 2975 831 3033 sacramenta
848 2971 1134 3052 annumerandum,

204 3073 310 3133 Sancti
325 3075 434 3134 Patres
452 3069 561 3146 nostri,
578 3068 711 3129 eoncilia
731 3074 762 3129 et
782 3069 967 3132 universalis
989 3072 1136 3135 Ecclesiae

202 3167 329 3228 traditio
343 3186 469 3246 semper
482 3166 669 3228 docuerunt.

244 3260 317 3319 Pina
331 3264 382 3338 vl,
399 3263 449 3324 die
465 3265 503 3323 16
518 3265 597 3340 sept.
622 3263 699 3322 1788
718 3260 758 3321 ad
777 3260 968 3340 Epiaoopum
987 3263 1137 3326 Motolen-

204 3372 271 3417 sem
283 3355 317 3415 in
330 3373 427 3434 regno
443 3357 648 3435 Neapolitano
666 3376 672 3418 :
694 3358 816 3436 Dogma
832 3356 904 3417 fidei
921 3363 969 3419 est
982 3364 1018 3419 ut
1031 3360 1136 3421 matri·

203 3450 344 3512 monium
359 3451 443 3529 quod
457 3454 530 3512 ante
544 3451 715 3512 adventum
734 3452 849 3514 Christi
867 3453 944 3515 nihil
963 3453 1049 3514 aliud
1069 3459 1136 3516 erat

205 3544 263 3603 nisi
276 3541 500 3602 indissolubilis
510 3543 640 3619 qnidam
654 3547 844 3622 contractum
853 3545 932 3608 illud
941 3549 1014 3626 post
1023 3547 1135 3608 Christi
