2442 4125
325 355 364 397 oa
385 351 513 399 omecro
532 353 616 398 runis
638 351 793 398 uiuamus.
987 335 1027 395 33

86 500 225 560 ministri
248 502 280 560 et
298 497 442 578 subjecti,
464 497 605 559 materiae
627 501 658 560 et
678 497 799 574 lormae,
823 504 855 558 et
873 499 952 560 ritus
974 516 1025 558 ex·

85 597 170 659 terni
186 597 242 675 qui
255 596 324 656 hac
339 595 446 654 omnia
466 593 706 672 comprehendit
724 612 825 673 eaque
843 595 1023 671 comitatur,

86 694 128 755 ad
143 695 213 756 haee
229 692 334 771 capita
348 695 535 770 presentem
550 691 771 752 tractationem
782 691 980 770 restringam.

465 866 487 910 1.
500 867 532 910 lla
543 867 649 911 minimo

127 984 166 1043 ll.
194 982 304 1060 ltaque
333 979 510 1040 Ordinuriac
537 979 783 1042 confirmationis
805 979 948 1042 minister
975 983 1024 1043 est

87 1080 278 1157 Episcopum
308 1075 445 1137 voluisse
472 1076 556 1136 enim
578 1076 705 1137 videtur
727 1077 868 1139 Christus
891 1081 926 1138 ut
948 1077 1021 1140 vita

87 1172 260 1251 spiritualis
283 1169 434 1248 perfectio
462 1176 495 1230 et
521 1170 750 1231 consummatio
773 1189 835 1231 nou
860 1187 919 1250 ope
942 1170 991 1233 iul
1006 1205 1022 1216 -

87 1266 207 1326 riorum
221 1263 432 1339 sacerdotum,
449 1261 506 1323 sed
520 1270 579 1341 ope
594 1263 720 1325 illorum
733 1263 1021 1343 qui'perfectiouam

87 1366 119 1420 et
133 1358 400 1436 complementum
415 1355 534 1416 babent
546 1356 726 1434 sacerdotii,
744 1357 922 1420 afficeretur
942 1379 949 1420 :
974 1361 1019 1434 ut,

87 1454 114 1516 si
132 1453 295 1514 inferiores
317 1451 450 1514 ministri
469 1457 598 1531 possent
615 1453 736 1531 prolem
758 1472 887 1534 augere,
912 1459 944 1514 et
963 1473 1023 1514 uu-

87 1569 211 1612 merum
226 1550 341 1610 civium
357 1548 451 1628 hujus
465 1548 607 1626 mysticae
622 1549 757 1612 civitatis
775 1549 978 1630 baptizando,
999 1549 1020 1610 ii

86 1645 143 1707 soli
159 1643 214 1723 qui
229 1643 270 1703 ad
284 1659 399 1702 munus
417 1641 552 1718 pastoris
571 1643 602 1703 et
621 1642 753 1704 rectoris
772 1641 866 1722 hujus
885 1641 1019 1704 civitatis

87 1743 193 1802 essent
219 1739 387 1817 assumpti,
416 1741 546 1816 possent
578 1737 619 1798 ad
655 1737 850 1816 spiritualem
876 1738 1021 1802 militiam

86 1836 279 1910 adscribere,
296 1833 380 1894 cives
394 1832 621 1894 confirmando.

124 1934 166 1991 At
180 1927 457 2007 verojamdudum
470 1929 614 1989 videmus
628 1947 648 1988 a
663 1929 812 2007 Gregorio
827 1930 839 1990 I
855 1930 914 1990 sub
923 1930 1020 1990 finem

84 2025 191 2089 saeculi
215 2041 268 2101 ui,
293 2041 415 2085 morem
438 2022 608 2105 quemdam
631 2024 842 2103 approbatum
865 2024 960 2087 fuisse
986 2027 1020 2087 ut

83 2121 262 2203 presbyteri
282 2121 461 2196 calaritani,
485 2120 538 2181 ubi
554 2120 690 2198 episcopi
708 2120 864 2195 deessent,
890 2126 1018 2198 possent

83 2216 260 2294 baptizatos
280 2216 478 2275 confirmare.
499 2215 587 2275 ldem
605 2214 806 2293 privilegium
825 2215 910 2295 quod
929 2234 1017 2294 pres-

81 2312 203 2391 byteris
217 2310 402 2372 calaritanis
416 2312 585 2389 Gregorius
603 2312 736 2390 Magnus
755 2312 927 2389 concessit,
949 2312 1017 2374 aliis

83 2409 178 2470 etiam
198 2407 412 2487 preshyteris,
438 2406 490 2467 alii
515 2407 678 2485 pontifices
701 2407 828 2469 Maximi
853 2426 1018 2470 concesse-

81 2511 167 2583 mut,
184 2504 333 2565 continuo
347 2522 422 2565 vero
436 2502 469 2563 iu
482 2504 560 2564 locis
574 2504 751 2583 prasertim
764 2504 949 2566 missionum
971 2504 1017 2565 in-

81 2601 224 2679 dulgent.
241 2598 371 2677 Accedit
384 2599 469 2678 quod
484 2599 580 2677 graeoi
593 2599 792 2678 praesbyteri,
809 2603 905 2679 prout
918 2600 1011 2680 longe

82 2699 154 2757 autc
182 2694 373 2755 Photiauum
396 2694 533 2754 schisma
554 2698 718 2774 receptum
742 2700 808 2769 est,
834 2694 1016 2772 quodlicet

82 2790 249 2852 ordinariis
278 2789 372 2870 hujus
392 2790 581 2851 sacramenti
600 2789 743 2851 minister
763 2807 843 2849 uuus
865 2790 905 2849 sit
935 2788 1015 2867 epis·

82 2902 198 2962 copus,
214 2881 472 2943 extraordinarius
485 2900 553 2942 esse
567 2881 665 2960 possit
678 2881 844 2961 presbyter
858 2898 930 2941 cum
944 2898 1015 2958 spe-

82 2979 152 3039 ciali
185 2977 390 3056 deputatione
425 2978 540 3037 summi
572 2973 751 3051 Pontifiois,
786 2992 856 3054 quae
885 2975 1014 3055 quidem

82 3072 330 3134 extraordinario
344 3072 463 3132 Latinis
476 3071 679 3149 praesbyteris
690 3068 883 3147 conceditur,
898 3072 1013 3133 Graecis

81 3171 187 3228 autem
214 3166 311 3227 veluti
334 3165 493 3226 ordinario
518 3183 668 3227 concessa
690 3166 891 3243 praesumitur
914 3185 952 3227 ex
975 3184 1012 3227 eo

80 3262 147 3340 ipso
162 3262 248 3340 quod
263 3266 296 3323 et
313 3262 446 3321 Romani
465 3262 630 3322 Pontifices
649 3279 812 3339 nunquam
832 3264 1012 3335 Graecorum

81 3359 299 3421 consuetudini
313 3362 503 3437 restiterunt,
520 3378 654 3439 eamque
668 3359 844 3440 approbare
860 3361 963 3423 visum
973 3360 1013 3421 sit

82 3456 247 3516 concilium
276 3455 511 3531 Florentinum,
541 3461 577 3516 ut
598 3456 660 3517 lata
685 3455 723 3515 de
746 3455 805 3517 bac
828 3473 862 3516 re
887 3456 1012 3517 disserit

83 3545 269 3614 Benedictus
283 3549 363 3625 XIV,
379 3548 434 3612 lib.
451 3548 517 3623 vll,
534 3564 562 3608 c.
578 3550 597 3609 9
618 3547 658 3609 de
679 3547 800 3625 synodo
817 3547 1009 3610 dioecesana«
