2442 4125
206 387 244 445 76
415 394 644 442 rnsr1rurrouns
664 393 747 439 suuis
768 394 926 440 canorum.

245 549 287 608 At
300 544 446 605 differens
461 547 508 606 est
521 543 675 605 hodierna
684 542 858 621 disciplina,
868 560 938 623 quae
949 541 1147 624 jamdudum

205 642 336 704 invaluit
348 643 380 701 in
395 640 533 702 Ecclesia
545 644 613 703 tum
623 657 727 719 graeca
739 643 809 701 tum
822 640 930 716 latina,
947 644 982 701 ut
996 645 1149 718 peccato-

206 738 291 799 ribus
304 738 443 799 contritis
455 741 486 798 et
499 736 649 797 confessis
659 736 864 797 absolutionis
877 736 1073 797 beneficium
1087 738 1149 797 im-

206 832 356 909 pertietur
378 834 548 909 antequam
573 828 817 889 satisfactionem
844 826 1054 906 peregissent.
1087 830 1148 889 La-

177 964 179 968 *
205 930 384 988 mentantur
402 925 529 1005 quidem
550 924 735 987 Jansenistae
750 923 832 983 hanc
851 922 1024 1000 disciplinae
1039 941 1148 985 sacra·

205 1021 348 1083 mentalis
375 1020 636 1081 immutationem.
667 1021 784 1080 Verum
819 1035 916 1096 quum
950 1018 1144 1096 satisfactio,

205 1117 278 1178 licet
295 1133 368 1195 pars
386 1116 426 1176 sit
444 1116 632 1177 sacramenti
649 1114 853 1194 poenitentiae,
869 1117 977 1176 tamen
992 1132 1055 1175 nec
1073 1114 1146 1194 jure

207 1212 311 1274 divino
322 1230 380 1273 nec
394 1216 506 1274 natura
520 1211 707 1274 sacramenti
717 1211 820 1289 exiget
834 1212 870 1271 ut
883 1209 1080 1272 absolutioni
1092 1229 1145 1271 au·

206 1312 406 1386 deponantur,
423 1325 486 1369 uon
500 1310 548 1369 est
561 1325 659 1387 quare
675 1298 919 1387 conquerantur.
935 1305 1054 1386 Agitur
1068 1325 1145 1387 ergo

206 1403 246 1463 de
268 1420 331 1463 una
349 1420 388 1463 ex
407 1402 444 1461 iis
466 1400 636 1479 disciplinis
658 1418 746 1481 quas,
767 1399 855 1459 salva
872 1402 1145 1461 sacramentorum

206 1499 390 1575 substantia,
404 1496 542 1559 Ecclesia
552 1497 660 1559 statuit
669 1495 719 1557 vel
732 1496 877 1557 immutat
887 1494 984 1574 (Trid.
998 1498 1141 1558 sossii.

207 1614 233 1657 o.
251 1594 299 1675 ιι),
316 1598 409 1674 prout
423 1594 658 1673 suscipientium
670 1592 797 1656 utilitati
813 1593 864 1653 vel
882 1593 1024 1672 ipsorum
1037 1613 1143 1657 sacra-

208 1695 385 1752 mentorum
402 1688 608 1764 venerationi,
629 1705 685 1766 pro
706 1704 824 1762 rerum,
844 1689 1035 1766 temporum,
1057 1689 1141 1751 loco
1209 1727 1210 1738 ι

208 1802 278 1843 rum
292 1786 453 1859 varietate,
469 1782 571 1861 magis
585 1783 733 1862 expedire
744 1782 942 1862 judicaverit.

247 1880 412 1955 Caeterum,
432 1878 699 1958 quemadmodum
716 1880 749 1938 in
768 1878 867 1940 veteri
885 1877 1053 1956 disciplina
1067 1880 1140 1941 ade-

206 1981 277 2040 rant
291 1978 433 2057 exempla
443 1976 647 2038 absolutionis
656 1981 729 2039 ante
739 1975 1137 2056 impletampoenitcntiam,

205 2077 249 2138 ita
263 2079 294 2140 et
308 2074 401 2137 hodie
416 2092 478 2135 non
493 2073 678 2154 prohibetur
691 2073 906 2134 sacerdotibus
920 2073 1137 2154 utaliquando

205 2173 367 2252 poenitenti
376 2172 620 2234 satisfactionem
628 2173 701 2231 ante
709 2169 1138 2250 absolutionemimplendam

204 2269 380 2348 injungant,
394 2267 609 2347 sipoeuitentis
619 2258 831 2328 emendationi
841 2269 872 2328 et
881 2266 975 2326 saluti
988 2269 1136 2346 expedire
1208 2264 1209 2341 ξ

202 2363 424 2445 judicaverint.

245 2456 356 2518 Modus
375 2455 548 2518 sustinendi
565 2455 745 2538 hujusmodi
765 2457 965 2535 poenitentias
986 2458 1068 2519 alius
1092 2464 1136 2520 est

205 2551 359 2630 publicus,
376 2551 454 2612 alius
468 2553 607 2632 privatus
624 2572 631 2612 t
654 2551 784 2614 undeet
801 2553 870 2632 ipsa
887 2554 1075 2633 poenitentia
1089 2555 1136 2617 v'cl

205 2647 329 2726 publica
343 2647 393 2708 vel
406 2648 529 2726 privata
542 2648 667 2710 accidit.

141 2745 146 2754 '
243 2743 329 2807 Licet
347 2745 430 2804 enim
449 2744 651 2822 poenitentia,
672 2747 707 2805 ut
724 2747 817 2805 antea
834 2745 972 2822 positum
990 2751 1049 2824 cst,
1075 2766 1134 2809 non
1207 2790 1208 2815 2

205 2841 265 2902 sint
286 2841 433 2902 institutae
454 2840 495 2900 ad
515 2839 676 2918 publicum
696 2839 854 2901 societatis
871 2841 1063 2920 exemplum,
1080 2845 1132 2905 sed

204 2936 244 2997 od
260 2936 512 2998 emendationem
525 2934 745 3014 delinquentis,
757 2934 889 3015 proinde
901 2954 939 2996 ex
948 2954 1007 2998 sua
1021 2942 1132 3002 natura

205 3049 266 3091 uon
275 3033 436 3110 requirant
442 3030 513 3093 utin
519 3030 676 3092 societatis
685 3031 827 3093 notitiam
835 3031 1014 3110 deveniant,
1027 3037 1131 3096 tamen

204 3125 373 3204 aliquando
387 3145 444 3205 per
461 3128 606 3189 accidens
624 3128 694 3206 ipsa
713 3128 758 3188 rei
777 3127 954 3189 emendatio
976 3129 1083 3209 exiget
1100 3134 1131 3190 ut

203 3219 336 3298 publica
351 3220 495 3299 evadant,
512 3224 563 3285 vel
576 3223 863 3303 quiasuperbiarei
873 3224 1068 3286 conterenda
1081 3227 1128 3302 sit,
1206 3250 1207 3305 p

202 3315 522 3395 velquiasoandalum
536 3338 575 3380 ex
588 3319 720 3399 publicis
735 3324 766 3382 et
782 3319 911 3382 notoriis
920 3321 1129 3401 gravibusque
1206 3322 1207 3399 Ϊ

203 3413 383 3476 criminibus
398 3420 501 3478 ortum
514 3417 564 3494 sit,
577 3436 616 3479 ex
629 3419 685 3479 Dei
698 3422 854 3497 praecepto
870 3419 1092 3497 reparandum.
1206 3404 1207 3407 ¹

243 3512 360 3571 Verum
380 3513 485 3591 itaque
504 3513 572 3573 haec
585 3514 776 3591 poenitentia
790 3515 911 3594 species
933 3533 997 3577 non
1009 3534 1130 3596 semper

204 3607 316 3668 eodem
329 3607 424 3668 modo
438 3607 614 3685 gubernata
629 3612 685 3670 est.
