<?xml version="1.0" encoding="UTF-8"?>
<!DOCTYPE html PUBLIC "-//W3C//DTD XHTML 1.0 Transitional//EN"
    "http://www.w3.org/TR/xhtml1/DTD/xhtml1-transitional.dtd">
<html xmlns="http://www.w3.org/1999/xhtml" xml:lang="en" lang="en">
 <head>
  <title>
</title>
<meta http-equiv="Content-Type" content="text/html;charset=utf-8" />
  <meta name='ocr-system' content='tesseract 3.04.00' />
  <meta name='ocr-capabilities' content='ocr_page ocr_carea ocr_par ocr_line ocrx_word'/>
</head>
<body>
  <div class='ocr_page' id='page_1' title='image "./institutionesju04marigoog_0287.png"; bbox 0 0 2442 4125; ppageno 0'>
   <div class='ocr_carea' id='block_1_1' title="bbox 324 355 1030 418">
    <p class='ocr_par' dir='ltr' id='par_1_1' title="bbox 324 355 1030 418">
     <span class='ocr_line' id='line_1_1' title="bbox 324 355 1030 418; baseline -0.001 0"><span class='ocrx_word' id='word_1_1' title='bbox 324 371 363 418; x_wconf 85' lang='lat' dir='ltr'><strong>nn</strong></span> <span class='ocrx_word' id='word_1_2' title='bbox 385 369 515 418; x_wconf 78' lang='lat' dir='ltr'><strong>cessero</strong></span> <span class='ocrx_word' id='word_1_3' title='bbox 535 370 618 418; x_wconf 78' lang='lat' dir='ltr'><strong>sunu</strong></span> <span class='ocrx_word' id='word_1_4' title='bbox 640 367 796 418; x_wconf 66' lang='lat' dir='ltr'><strong>cononici.</strong></span> <span class='ocrx_word' id='word_1_5' title='bbox 972 355 1030 417; x_wconf 61' lang='grc' dir='ltr'><strong>επ</strong></span> 
     </span>
    </p>
   </div>
   <div class='ocr_carea' id='block_1_2' title="bbox 249 565 874 618">
    <p class='ocr_par' dir='ltr' id='par_1_2' title="bbox 249 565 874 618">
     <span class='ocr_line' id='line_1_2' title="bbox 249 565 874 618; baseline 0 -8"><span class='ocrx_word' id='word_1_6' title='bbox 249 572 262 618; x_wconf 67' lang='lat'>9</span> <span class='ocrx_word' id='word_1_7' title='bbox 278 565 326 611; x_wconf 85' lang='lat'>111.</span> <span class='ocrx_word' id='word_1_8' title='bbox 340 577 370 610; x_wconf 80' lang='lat' dir='ltr'><strong>nn</strong></span> <span class='ocrx_word' id='word_1_9' title='bbox 384 575 463 612; x_wconf 75' lang='lat' dir='ltr'><strong>mnu</strong></span> <span class='ocrx_word' id='word_1_10' title='bbox 478 577 608 612; x_wconf 73' lang='lat' dir='ltr'><strong>unicornu</strong></span> <span class='ocrx_word' id='word_1_11' title='bbox 621 577 650 611; x_wconf 85' lang='lat' dir='ltr'><strong>nr</strong></span> <span class='ocrx_word' id='word_1_12' title='bbox 666 578 727 612; x_wconf 76' lang='lat' dir='ltr'><strong>saro</strong></span> <span class='ocrx_word' id='word_1_13' title='bbox 742 579 766 612; x_wconf 82' lang='grc' dir='ltr'><strong>ιιι</strong></span> <span class='ocrx_word' id='word_1_14' title='bbox 783 579 874 614; x_wconf 73' lang='lat' dir='ltr'><strong>arsur.</strong></span> 
     </span>
    </p>
   </div>
   <div class='ocr_carea' id='block_1_3' title="bbox 75 675 1092 2577">
    <p class='ocr_par' dir='ltr' id='par_1_3' title="bbox 75 675 1032 1505">
     <span class='ocr_line' id='line_1_3' title="bbox 133 675 1032 758; baseline 0.001 -18"><span class='ocrx_word' id='word_1_15' title='bbox 133 679 231 741; x_wconf 84' lang='lat' dir='ltr'><strong>XXV.</strong></span> <span class='ocrx_word' id='word_1_16' title='bbox 252 679 370 740; x_wconf 76' lang='lat' dir='ltr'><strong>Preter</strong></span> <span class='ocrx_word' id='word_1_17' title='bbox 389 675 567 738; x_wconf 86' lang='lat' dir='ltr'><strong>Dominicas</strong></span> <span class='ocrx_word' id='word_1_18' title='bbox 587 681 620 737; x_wconf 89' lang='lat' dir='ltr'><strong>et</strong></span> <span class='ocrx_word' id='word_1_19' title='bbox 641 677 736 738; x_wconf 80' lang='lat' dir='ltr'><strong>ferias</strong></span> <span class='ocrx_word' id='word_1_20' title='bbox 758 695 828 758; x_wconf 84' lang='lat' dir='ltr'><strong>qnae</strong></span> <span class='ocrx_word' id='word_1_21' title='bbox 861 676 1032 742; x_wconf 88' lang='lat' dir='ltr'><strong>conficiunt</strong></span> 
     </span>
     <span class='ocr_line' id='line_1_4' title="bbox 79 772 1031 854; baseline -0.003 -16"><span class='ocrx_word' id='word_1_22' title='bbox 79 778 254 838; x_wconf 79' lang='lat' dir='ltr'><strong>texturam</strong></span> <span class='ocrx_word' id='word_1_23' title='bbox 267 773 448 854; x_wconf 79' lang='lat' dir='ltr'><strong>generalem</strong></span> <span class='ocrx_word' id='word_1_24' title='bbox 461 772 637 834; x_wconf 77' lang='lat' dir='ltr'><strong>kalendarii</strong></span> <span class='ocrx_word' id='word_1_25' title='bbox 646 772 820 850; x_wconf 74' lang='lat' dir='ltr'><strong>chmstiani,</strong></span> <span class='ocrx_word' id='word_1_26' title='bbox 830 774 934 852; x_wconf 91' lang='lat' dir='ltr'><strong>pronti</strong></span> <span class='ocrx_word' id='word_1_27' title='bbox 947 776 1031 836; x_wconf 80' lang='lat' dir='ltr'><strong>lleus</strong></span> 
     </span>
     <span class='ocr_line' id='line_1_5' title="bbox 80 868 1032 953; baseline 0 -21"><span class='ocrx_word' id='word_1_28' title='bbox 80 870 187 950; x_wconf 87' lang='lat' dir='ltr'><strong>cujus</strong></span> <span class='ocrx_word' id='word_1_29' title='bbox 204 869 301 931; x_wconf 92' lang='lat' dir='ltr'><strong>cultui</strong></span> <span class='ocrx_word' id='word_1_30' title='bbox 321 868 479 931; x_wconf 88' lang='lat' dir='ltr'><strong>ordinario</strong></span> <span class='ocrx_word' id='word_1_31' title='bbox 492 868 674 930; x_wconf 89' lang='lat' dir='ltr'><strong>immediate</strong></span> <span class='ocrx_word' id='word_1_32' title='bbox 690 868 882 944; x_wconf 85' lang='lat' dir='ltr'><strong>referuntur,</strong></span> <span class='ocrx_word' id='word_1_33' title='bbox 899 874 947 953; x_wconf 84' lang='lat' dir='ltr'><strong>est</strong></span> <span class='ocrx_word' id='word_1_34' title='bbox 974 871 1032 932; x_wconf 91' lang='lat' dir='ltr'><strong>oh-</strong></span> 
     </span>
     <span class='ocr_line' id='line_1_6' title="bbox 75 963 1031 1047; baseline 0.002 -21"><span class='ocrx_word' id='word_1_35' title='bbox 75 967 213 1047; x_wconf 87' lang='lat' dir='ltr'><strong>jectum</strong></span> <span class='ocrx_word' id='word_1_36' title='bbox 227 964 412 1044; x_wconf 76' lang='lat' dir='ltr'><strong>principale,</strong></span> <span class='ocrx_word' id='word_1_37' title='bbox 429 964 615 1043; x_wconf 81' lang='lat' dir='ltr'><strong>primarium</strong></span> <span class='ocrx_word' id='word_1_38' title='bbox 629 969 661 1028; x_wconf 91' lang='lat' dir='ltr'><strong>et</strong></span> <span class='ocrx_word' id='word_1_39' title='bbox 674 964 911 1026; x_wconf 81' lang='lat' dir='ltr'><strong>fundamentale</strong></span> <span class='ocrx_word' id='word_1_40' title='bbox 929 963 1031 1028; x_wconf 88' lang='lat' dir='ltr'><strong>cultus</strong></span> 
     </span>
     <span class='ocr_line' id='line_1_7' title="bbox 79 1059 1031 1140; baseline 0 -18"><span class='ocrx_word' id='word_1_41' title='bbox 79 1061 269 1136; x_wconf 82' lang='lat' dir='ltr'><strong>christiani,</strong></span> <span class='ocrx_word' id='word_1_42' title='bbox 294 1060 347 1122; x_wconf 83' lang='lat' dir='ltr'><strong>alii</strong></span> <span class='ocrx_word' id='word_1_43' title='bbox 368 1060 475 1139; x_wconf 89' lang='lat' dir='ltr'><strong>plures</strong></span> <span class='ocrx_word' id='word_1_44' title='bbox 494 1063 569 1121; x_wconf 89' lang='lat' dir='ltr'><strong>sunt</strong></span> <span class='ocrx_word' id='word_1_45' title='bbox 581 1061 649 1122; x_wconf 88' lang='lat' dir='ltr'><strong>dies</strong></span> <span class='ocrx_word' id='word_1_46' title='bbox 668 1059 737 1122; x_wconf 87' lang='lat' dir='ltr'><strong>testi</strong></span> <span class='ocrx_word' id='word_1_47' title='bbox 753 1061 808 1140; x_wconf 87' lang='lat' dir='ltr'><strong>qui</strong></span> <span class='ocrx_word' id='word_1_48' title='bbox 826 1059 911 1122; x_wconf 80' lang='lat' dir='ltr'><strong>seriis</strong></span> <span class='ocrx_word' id='word_1_49' title='bbox 926 1065 958 1123; x_wconf 89' lang='lat' dir='ltr'><strong>et</strong></span> <span class='ocrx_word' id='word_1_50' title='bbox 975 1061 1031 1122; x_wconf 92' lang='lat' dir='ltr'><strong>do·</strong></span> 
     </span>
     <span class='ocr_line' id='line_1_8' title="bbox 79 1155 1031 1235; baseline 0.003 -19"><span class='ocrx_word' id='word_1_51' title='bbox 79 1155 219 1216; x_wconf 84' lang='lat' dir='ltr'><strong>mininis</strong></span> <span class='ocrx_word' id='word_1_52' title='bbox 235 1159 475 1232; x_wconf 85' lang='lat' dir='ltr'><strong>connectuntur,</strong></span> <span class='ocrx_word' id='word_1_53' title='bbox 492 1159 524 1218; x_wconf 90' lang='lat' dir='ltr'><strong>et</strong></span> <span class='ocrx_word' id='word_1_54' title='bbox 544 1155 642 1217; x_wconf 84' lang='lat' dir='ltr'><strong>variis</strong></span> <span class='ocrx_word' id='word_1_55' title='bbox 656 1157 746 1217; x_wconf 90' lang='lat' dir='ltr'><strong>annis</strong></span> <span class='ocrx_word' id='word_1_56' title='bbox 760 1174 818 1235; x_wconf 91' lang='lat' dir='ltr'><strong>pro</strong></span> <span class='ocrx_word' id='word_1_57' title='bbox 842 1157 960 1219; x_wconf 87' lang='lat' dir='ltr'><strong>rituum</strong></span> <span class='ocrx_word' id='word_1_58' title='bbox 974 1176 1031 1220; x_wconf 81' lang='lat' dir='ltr'><strong>va·</strong></span> 
     </span>
     <span class='ocr_line' id='line_1_9' title="bbox 80 1249 1026 1329; baseline 0.004 -17"><span class='ocrx_word' id='word_1_59' title='bbox 80 1251 273 1313; x_wconf 74' lang='lat' dir='ltr'><strong>metatoribi</strong></span> <span class='ocrx_word' id='word_1_60' title='bbox 285 1252 422 1313; x_wconf 83' lang='lat' dir='ltr'><strong>invicem</strong></span> <span class='ocrx_word' id='word_1_61' title='bbox 435 1255 616 1314; x_wconf 87' lang='lat' dir='ltr'><strong>occurrunt.</strong></span> <span class='ocrx_word' id='word_1_62' title='bbox 627 1249 685 1314; x_wconf 79' lang='lat' dir='ltr'><strong>Vel</strong></span> <span class='ocrx_word' id='word_1_63' title='bbox 694 1268 805 1314; x_wconf 89' lang='lat' dir='ltr'><strong>secum</strong></span> <span class='ocrx_word' id='word_1_64' title='bbox 819 1257 1026 1329; x_wconf 87' lang='lat' dir='ltr'><strong>concurrunt;</strong></span> 
     </span>
     <span class='ocr_line' id='line_1_10' title="bbox 81 1347 1030 1429; baseline 0.002 -21"><span class='ocrx_word' id='word_1_65' title='bbox 81 1351 123 1409; x_wconf 87' lang='lat' dir='ltr'><strong>et</strong></span> <span class='ocrx_word' id='word_1_66' title='bbox 138 1365 180 1407; x_wconf 88' lang='lat' dir='ltr'><strong>ex</strong></span> <span class='ocrx_word' id='word_1_67' title='bbox 192 1347 333 1408; x_wconf 93' lang='lat' dir='ltr'><strong>omnium</strong></span> <span class='ocrx_word' id='word_1_68' title='bbox 346 1347 512 1426; x_wconf 85' lang='lat' dir='ltr'><strong>complexu</strong></span> <span class='ocrx_word' id='word_1_69' title='bbox 519 1347 652 1410; x_wconf 88' lang='lat' dir='ltr'><strong>resultat</strong></span> <span class='ocrx_word' id='word_1_70' title='bbox 663 1347 785 1429; x_wconf 77' lang='lat' dir='ltr'><strong>integre</strong></span> <span class='ocrx_word' id='word_1_71' title='bbox 800 1349 908 1428; x_wconf 90' lang='lat' dir='ltr'><strong>cyclus</strong></span> <span class='ocrx_word' id='word_1_72' title='bbox 922 1349 1030 1412; x_wconf 89' lang='lat' dir='ltr'><strong>kalen·</strong></span> 
     </span>
     <span class='ocr_line' id='line_1_11' title="bbox 81 1442 403 1505; baseline -0.003 -1"><span class='ocrx_word' id='word_1_73' title='bbox 81 1442 177 1504; x_wconf 87' lang='lat' dir='ltr'><strong>darii</strong></span> <span class='ocrx_word' id='word_1_74' title='bbox 191 1443 403 1505; x_wconf 82' lang='lat' dir='ltr'><strong>ecclesiastici.</strong></span> 
     </span>
    </p>

    <p class='ocr_par' dir='ltr' id='par_1_4' title="bbox 82 1537 1028 1812">
     <span class='ocr_line' id='line_1_12' title="bbox 132 1537 1028 1619; baseline 0 -19"><span class='ocrx_word' id='word_1_75' title='bbox 132 1540 217 1600; x_wconf 86' lang='lat' dir='ltr'><strong>Sunt</strong></span> <span class='ocrx_word' id='word_1_76' title='bbox 229 1542 335 1600; x_wconf 85' lang='lat' dir='ltr'><strong>autem</strong></span> <span class='ocrx_word' id='word_1_77' title='bbox 348 1538 381 1599; x_wconf 89' lang='lat' dir='ltr'><strong>hi</strong></span> <span class='ocrx_word' id='word_1_78' title='bbox 396 1537 463 1600; x_wconf 88' lang='lat' dir='ltr'><strong>dies</strong></span> <span class='ocrx_word' id='word_1_79' title='bbox 476 1537 547 1600; x_wconf 87' lang='lat' dir='ltr'><strong>testi</strong></span> <span class='ocrx_word' id='word_1_80' title='bbox 561 1539 731 1619; x_wconf 73' lang='lat' dir='ltr'><strong>quotannis</strong></span> <span class='ocrx_word' id='word_1_81' title='bbox 744 1538 908 1618; x_wconf 86' lang='lat' dir='ltr'><strong>periodici,</strong></span> <span class='ocrx_word' id='word_1_82' title='bbox 925 1542 957 1599; x_wconf 90' lang='lat' dir='ltr'><strong>et</strong></span> <span class='ocrx_word' id='word_1_83' title='bbox 971 1555 1028 1618; x_wconf 92' lang='lat' dir='ltr'><strong>pro</strong></span> 
     </span>
     <span class='ocr_line' id='line_1_13' title="bbox 82 1633 1026 1715; baseline -0.003 -18"><span class='ocrx_word' id='word_1_84' title='bbox 82 1634 247 1697; x_wconf 81' lang='lat' dir='ltr'><strong>varietate</strong></span> <span class='ocrx_word' id='word_1_85' title='bbox 270 1634 386 1714; x_wconf 86' lang='lat' dir='ltr'><strong>objecti</strong></span> <span class='ocrx_word' id='word_1_86' title='bbox 409 1634 494 1715; x_wconf 89' lang='lat' dir='ltr'><strong>quod</strong></span> <span class='ocrx_word' id='word_1_87' title='bbox 516 1635 679 1697; x_wconf 88' lang='lat' dir='ltr'><strong>celebrent</strong></span> <span class='ocrx_word' id='word_1_88' title='bbox 700 1633 733 1694; x_wconf 95' lang='lat' dir='ltr'><strong>in</strong></span> <span class='ocrx_word' id='word_1_89' title='bbox 764 1641 829 1696; x_wconf 88' lang='lat' dir='ltr'><strong>tres</strong></span> <span class='ocrx_word' id='word_1_90' title='bbox 852 1635 1026 1714; x_wconf 83' lang='lat' dir='ltr'><strong>categorias</strong></span> 
     </span>
     <span class='ocr_line' id='line_1_14' title="bbox 84 1731 401 1812; baseline -0.006 -18"><span class='ocrx_word' id='word_1_91' title='bbox 84 1734 228 1812; x_wconf 87' lang='lat' dir='ltr'><strong>possunt</strong></span> <span class='ocrx_word' id='word_1_92' title='bbox 240 1731 401 1812; x_wconf 76' lang='lat' dir='ltr'><strong>distingui.</strong></span> 
     </span>
    </p>

    <p class='ocr_par' dir='ltr' id='par_1_5' title="bbox 85 1824 1092 2299">
     <span class='ocr_line' id='line_1_15' title="bbox 132 1824 1029 1907; baseline 0.001 -22"><span class='ocrx_word' id='word_1_93' title='bbox 132 1825 282 1887; x_wconf 79' lang='lat' dir='ltr'><strong>Aliisunt</strong></span> <span class='ocrx_word' id='word_1_94' title='bbox 301 1827 393 1897; x_wconf 82' lang='lat' dir='ltr'><strong>sacri,</strong></span> <span class='ocrx_word' id='word_1_95' title='bbox 417 1843 531 1905; x_wconf 86' lang='lat' dir='ltr'><strong>nempe</strong></span> <span class='ocrx_word' id='word_1_96' title='bbox 554 1825 771 1888; x_wconf 83' lang='lat' dir='ltr'><strong>anniversaria</strong></span> <span class='ocrx_word' id='word_1_97' title='bbox 796 1844 866 1907; x_wconf 84' lang='lat' dir='ltr'><strong>quae</strong></span> <span class='ocrx_word' id='word_1_98' title='bbox 888 1824 1029 1888; x_wconf 76' lang='lat' dir='ltr'><strong>Ecclesia</strong></span> 
     </span>
     <span class='ocr_line' id='line_1_16' title="bbox 85 1921 1029 1985; baseline -0.001 -2"><span class='ocrx_word' id='word_1_99' title='bbox 85 1921 233 1984; x_wconf 83' lang='lat' dir='ltr'><strong>celebrat</strong></span> <span class='ocrx_word' id='word_1_100' title='bbox 252 1922 285 1982; x_wconf 92' lang='lat' dir='ltr'><strong>in</strong></span> <span class='ocrx_word' id='word_1_101' title='bbox 303 1923 490 1984; x_wconf 83' lang='lat' dir='ltr'><strong>memoriam</strong></span> <span class='ocrx_word' id='word_1_102' title='bbox 508 1922 608 1984; x_wconf 85' lang='lat' dir='ltr'><strong>felicis</strong></span> <span class='ocrx_word' id='word_1_103' title='bbox 628 1923 738 1985; x_wconf 89' lang='lat' dir='ltr'><strong>mortis</strong></span> <span class='ocrx_word' id='word_1_104' title='bbox 757 1925 939 1984; x_wconf 88' lang='lat' dir='ltr'><strong>sanctorum</strong></span> <span class='ocrx_word' id='word_1_105' title='bbox 957 1939 1029 1983; x_wconf 91' lang='lat' dir='ltr'><strong>suo-</strong></span> 
     </span>
     <span class='ocr_line' id='line_1_17' title="bbox 86 2018 1028 2097; baseline -0.002 -17"><span class='ocrx_word' id='word_1_106' title='bbox 86 2035 164 2080; x_wconf 88' lang='lat' dir='ltr'><strong>rum</strong></span> <span class='ocrx_word' id='word_1_107' title='bbox 178 2021 354 2097; x_wconf 87' lang='lat' dir='ltr'><strong>martyrum</strong></span> <span class='ocrx_word' id='word_1_108' title='bbox 372 2021 427 2080; x_wconf 91' lang='lat' dir='ltr'><strong>ant</strong></span> <span class='ocrx_word' id='word_1_109' title='bbox 447 2018 673 2095; x_wconf 82' lang='lat' dir='ltr'><strong>confessorum,</strong></span> <span class='ocrx_word' id='word_1_110' title='bbox 691 2035 827 2097; x_wconf 87' lang='lat' dir='ltr'><strong>quorum</strong></span> <span class='ocrx_word' id='word_1_111' title='bbox 849 2035 934 2079; x_wconf 88' lang='lat' dir='ltr'><strong>mors</strong></span> <span class='ocrx_word' id='word_1_112' title='bbox 956 2035 1028 2079; x_wconf 92' lang='lat' dir='ltr'><strong>cum</strong></span> 
     </span>
     <span class='ocr_line' id='line_1_18' title="bbox 86 2113 1029 2191; baseline 0.001 -17"><span class='ocrx_word' id='word_1_113' title='bbox 86 2115 156 2174; x_wconf 91' lang='lat' dir='ltr'><strong>illis</strong></span> <span class='ocrx_word' id='word_1_114' title='bbox 168 2113 261 2175; x_wconf 87' lang='lat' dir='ltr'><strong>fuerit</strong></span> <span class='ocrx_word' id='word_1_115' title='bbox 280 2114 395 2175; x_wconf 86' lang='lat' dir='ltr'><strong>natalis</strong></span> <span class='ocrx_word' id='word_1_116' title='bbox 407 2114 449 2176; x_wconf 90' lang='lat' dir='ltr'><strong>ad</strong></span> <span class='ocrx_word' id='word_1_117' title='bbox 463 2116 573 2191; x_wconf 83' lang='lat' dir='ltr'><strong>vitam,</strong></span> <span class='ocrx_word' id='word_1_118' title='bbox 590 2113 671 2175; x_wconf 88' lang='lat' dir='ltr'><strong>solet</strong></span> <span class='ocrx_word' id='word_1_119' title='bbox 685 2113 798 2175; x_wconf 82' lang='lat' dir='ltr'><strong>natalis</strong></span> <span class='ocrx_word' id='word_1_120' title='bbox 812 2116 868 2174; x_wconf 86' lang='lat' dir='ltr'><strong>aut</strong></span> <span class='ocrx_word' id='word_1_121' title='bbox 881 2113 1029 2175; x_wconf 83' lang='lat' dir='ltr'><strong>natalite-</strong></span> 
     </span>
     <span class='ocr_line' id='line_1_19' title="bbox 87 2211 1092 2299; baseline -0.001 -26"><span class='ocrx_word' id='word_1_122' title='bbox 87 2211 127 2273; x_wconf 92' lang='lat' dir='ltr'><strong>tii</strong></span> <span class='ocrx_word' id='word_1_123' title='bbox 143 2213 269 2273; x_wconf 89' lang='lat' dir='ltr'><strong>nomine</strong></span> <span class='ocrx_word' id='word_1_124' title='bbox 282 2213 316 2272; x_wconf 93' lang='lat' dir='ltr'><strong>in</strong></span> <span class='ocrx_word' id='word_1_125' title='bbox 331 2212 522 2273; x_wconf 84' lang='lat' dir='ltr'><strong>kalendariis</strong></span> <span class='ocrx_word' id='word_1_126' title='bbox 535 2211 706 2291; x_wconf 87' lang='lat' dir='ltr'><strong>designari.</strong></span> <span class='ocrx_word' id='word_1_127' title='bbox 1082 2274 1092 2299; x_wconf 37' lang='lat'>⁸</span> 
     </span>
    </p>

    <p class='ocr_par' dir='ltr' id='par_1_6' title="bbox 90 2303 1030 2577">
     <span class='ocr_line' id='line_1_20' title="bbox 133 2303 1028 2387; baseline 0.001 -21"><span class='ocrx_word' id='word_1_128' title='bbox 133 2305 196 2366; x_wconf 81' lang='lat' dir='ltr'><strong>Alii</strong></span> <span class='ocrx_word' id='word_1_129' title='bbox 209 2308 282 2368; x_wconf 88' lang='lat' dir='ltr'><strong>sunt</strong></span> <span class='ocrx_word' id='word_1_130' title='bbox 295 2306 375 2367; x_wconf 85' lang='lat' dir='ltr'><strong>sacri</strong></span> <span class='ocrx_word' id='word_1_131' title='bbox 390 2323 525 2387; x_wconf 86' lang='lat' dir='ltr'><strong>quorum</strong></span> <span class='ocrx_word' id='word_1_132' title='bbox 540 2304 699 2385; x_wconf 86' lang='lat' dir='ltr'><strong>objectum</strong></span> <span class='ocrx_word' id='word_1_133' title='bbox 711 2306 784 2366; x_wconf 89' lang='lat' dir='ltr'><strong>sunt</strong></span> <span class='ocrx_word' id='word_1_134' title='bbox 793 2303 944 2384; x_wconf 84' lang='lat' dir='ltr'><strong>mysteria</strong></span> <span class='ocrx_word' id='word_1_135' title='bbox 956 2305 1028 2367; x_wconf 75' lang='lat' dir='ltr'><strong>vilse</strong></span> 
     </span>
     <span class='ocr_line' id='line_1_21' title="bbox 90 2400 1030 2482; baseline -0.001 -20"><span class='ocrx_word' id='word_1_136' title='bbox 90 2406 125 2463; x_wconf 90' lang='lat' dir='ltr'><strong>et</strong></span> <span class='ocrx_word' id='word_1_137' title='bbox 138 2402 248 2462; x_wconf 85' lang='lat' dir='ltr'><strong>mortis</strong></span> <span class='ocrx_word' id='word_1_138' title='bbox 262 2407 294 2462; x_wconf 86' lang='lat' dir='ltr'><strong>et</strong></span> <span class='ocrx_word' id='word_1_139' title='bbox 311 2401 420 2482; x_wconf 84' lang='lat' dir='ltr'><strong>gloriae</strong></span> <span class='ocrx_word' id='word_1_140' title='bbox 438 2402 474 2463; x_wconf 91' lang='lat' dir='ltr'><strong>B.</strong></span> <span class='ocrx_word' id='word_1_141' title='bbox 491 2400 597 2462; x_wconf 85' lang='lat' dir='ltr'><strong>llariae</strong></span> <span class='ocrx_word' id='word_1_142' title='bbox 612 2400 760 2481; x_wconf 83' lang='lat' dir='ltr'><strong>Virginis,</strong></span> <span class='ocrx_word' id='word_1_143' title='bbox 784 2400 898 2481; x_wconf 86' lang='lat' dir='ltr'><strong>quibus</strong></span> <span class='ocrx_word' id='word_1_144' title='bbox 918 2402 1030 2463; x_wconf 85' lang='lat' dir='ltr'><strong>recoli-</strong></span> 
     </span>
     <span class='ocr_line' id='line_1_22' title="bbox 91 2496 1026 2577; baseline -0.001 -19"><span class='ocrx_word' id='word_1_145' title='bbox 91 2514 164 2558; x_wconf 85' lang='lat' dir='ltr'><strong>mus</strong></span> <span class='ocrx_word' id='word_1_146' title='bbox 176 2496 260 2556; x_wconf 89' lang='lat' dir='ltr'><strong>illius</strong></span> <span class='ocrx_word' id='word_1_147' title='bbox 273 2498 511 2559; x_wconf 88' lang='lat' dir='ltr'><strong>Immaculatam</strong></span> <span class='ocrx_word' id='word_1_148' title='bbox 534 2497 795 2577; x_wconf 81' lang='lat' dir='ltr'><strong>Conceptionem,</strong></span> <span class='ocrx_word' id='word_1_149' title='bbox 812 2498 1026 2573; x_wconf 87' lang='lat' dir='ltr'><strong>Nativitatem,</strong></span> 
     </span>
    </p>
   </div>
   <div class='ocr_carea' id='block_1_4' title="bbox 91 2593 1029 2766">
    <p class='ocr_par' dir='ltr' id='par_1_7' title="bbox 91 2593 1029 2766">
     <span class='ocr_line' id='line_1_23' title="bbox 91 2593 891 2673; baseline 0.003 -20"><span class='ocrx_word' id='word_1_150' title='bbox 91 2593 409 2656; x_wconf 83' lang='lat' dir='ltr'><strong>Annuntiationem...</strong></span> <span class='ocrx_word' id='word_1_151' title='bbox 427 2594 684 2673; x_wconf 81' lang='lat' dir='ltr'><strong>Assumptionem</strong></span> <span class='ocrx_word' id='word_1_152' title='bbox 698 2594 731 2653; x_wconf 90' lang='lat' dir='ltr'><strong>in</strong></span> <span class='ocrx_word' id='word_1_153' title='bbox 745 2594 891 2672; x_wconf 87' lang='lat' dir='ltr'><strong>gloriam.</strong></span> 
     </span>
     <span class='ocr_line' id='line_1_24' title="bbox 134 2685 1029 2766; baseline -0.001 -19"><span class='ocrx_word' id='word_1_154' title='bbox 134 2686 195 2747; x_wconf 81' lang='lat' dir='ltr'><strong>Alii</strong></span> <span class='ocrx_word' id='word_1_155' title='bbox 216 2686 345 2748; x_wconf 90' lang='lat' dir='ltr'><strong>demum</strong></span> <span class='ocrx_word' id='word_1_156' title='bbox 366 2688 503 2766; x_wconf 88' lang='lat' dir='ltr'><strong>potiores</strong></span> <span class='ocrx_word' id='word_1_157' title='bbox 530 2686 657 2748; x_wconf 78' lang='lat' dir='ltr'><strong>coeteris</strong></span> <span class='ocrx_word' id='word_1_158' title='bbox 677 2689 750 2747; x_wconf 89' lang='lat' dir='ltr'><strong>sunt</strong></span> <span class='ocrx_word' id='word_1_159' title='bbox 773 2685 854 2746; x_wconf 89' lang='lat' dir='ltr'><strong>sacri</strong></span> <span class='ocrx_word' id='word_1_160' title='bbox 876 2685 1029 2762; x_wconf 85' lang='lat' dir='ltr'><strong>mysteria</strong></span> 
     </span>
    </p>
   </div>
   <div class='ocr_carea' id='block_1_5' title="bbox 91 2779 1030 3716">
    <p class='ocr_par' dir='ltr' id='par_1_8' title="bbox 92 2779 1030 3424">
     <span class='ocr_line' id='line_1_25' title="bbox 93 2779 1029 2860; baseline -0.004 -17"><span class='ocrx_word' id='word_1_161' title='bbox 93 2782 280 2859; x_wconf 87' lang='lat' dir='ltr'><strong>recolentes,</strong></span> <span class='ocrx_word' id='word_1_162' title='bbox 296 2783 484 2860; x_wconf 71' lang='lat' dir='ltr'><strong>Natiuitatis,</strong></span> <span class='ocrx_word' id='word_1_163' title='bbox 497 2782 744 2845; x_wconf 81' lang='lat' dir='ltr'><strong>Resurrectionis</strong></span> <span class='ocrx_word' id='word_1_164' title='bbox 753 2779 865 2842; x_wconf 84' lang='lat' dir='ltr'><strong>Christi</strong></span> <span class='ocrx_word' id='word_1_165' title='bbox 874 2780 1029 2841; x_wconf 87' lang='lat' dir='ltr'><strong>etadven·</strong></span> 
     </span>
     <span class='ocr_line' id='line_1_26' title="bbox 92 2874 1029 2957; baseline -0.006 -16"><span class='ocrx_word' id='word_1_166' title='bbox 92 2883 144 2941; x_wconf 91' lang='lat' dir='ltr'><strong>tus</strong></span> <span class='ocrx_word' id='word_1_167' title='bbox 158 2878 292 2957; x_wconf 86' lang='lat' dir='ltr'><strong>Spiritus</strong></span> <span class='ocrx_word' id='word_1_168' title='bbox 316 2879 415 2941; x_wconf 88' lang='lat' dir='ltr'><strong>sancti</strong></span> <span class='ocrx_word' id='word_1_169' title='bbox 427 2900 435 2955; x_wconf 90' lang='grc'>;</span> <span class='ocrx_word' id='word_1_170' title='bbox 451 2879 497 2942; x_wconf 90' lang='lat' dir='ltr'><strong>ita</strong></span> <span class='ocrx_word' id='word_1_171' title='bbox 509 2882 545 2941; x_wconf 89' lang='lat' dir='ltr'><strong>ut</strong></span> <span class='ocrx_word' id='word_1_172' title='bbox 567 2880 758 2941; x_wconf 85' lang='lat' dir='ltr'><strong>constituant</strong></span> <span class='ocrx_word' id='word_1_173' title='bbox 772 2880 836 2939; x_wconf 84' lang='lat' dir='ltr'><strong>tres</strong></span> <span class='ocrx_word' id='word_1_174' title='bbox 850 2874 1029 2956; x_wconf 84' lang='lat' dir='ltr'><strong>potissimas</strong></span> 
     </span>
     <span class='ocr_line' id='line_1_27' title="bbox 92 2968 1026 3050; baseline -0.005 -14"><span class='ocrx_word' id='word_1_175' title='bbox 92 2975 307 3037; x_wconf 85' lang='lat' dir='ltr'><strong>solemnitates</strong></span> <span class='ocrx_word' id='word_1_176' title='bbox 321 2976 567 3050; x_wconf 81' lang='lat' dir='ltr'><strong>ecclesiasticas-3</strong></span> <span class='ocrx_word' id='word_1_177' title='bbox 584 2974 735 3036; x_wconf 83' lang='lat' dir='ltr'><strong>videlicet</strong></span> <span class='ocrx_word' id='word_1_178' title='bbox 747 2972 872 3049; x_wconf 84' lang='lat' dir='ltr'><strong>Natale,</strong></span> <span class='ocrx_word' id='word_1_179' title='bbox 893 2968 1026 3045; x_wconf 84' lang='lat' dir='ltr'><strong>Pascha,</strong></span> 
     </span>
     <span class='ocr_line' id='line_1_28' title="bbox 94 3065 1030 3153; baseline -0.006 -21"><span class='ocrx_word' id='word_1_180' title='bbox 94 3074 317 3149; x_wconf 85' lang='lat' dir='ltr'><strong>Pentecosten,</strong></span> <span class='ocrx_word' id='word_1_181' title='bbox 343 3090 414 3153; x_wconf 82' lang='lat' dir='ltr'><strong>quae</strong></span> <span class='ocrx_word' id='word_1_182' title='bbox 434 3073 577 3134; x_wconf 84' lang='lat' dir='ltr'><strong>velutin</strong></span> <span class='ocrx_word' id='word_1_183' title='bbox 602 3076 668 3134; x_wconf 88' lang='lat' dir='ltr'><strong>tres</strong></span> <span class='ocrx_word' id='word_1_184' title='bbox 688 3087 821 3150; x_wconf 84' lang='lat' dir='ltr'><strong>magnos</strong></span> <span class='ocrx_word' id='word_1_185' title='bbox 843 3066 947 3147; x_wconf 90' lang='lat' dir='ltr'><strong>cyclos</strong></span> <span class='ocrx_word' id='word_1_186' title='bbox 970 3065 1030 3126; x_wconf 89' lang='lat' dir='ltr'><strong>sibi</strong></span> 
     </span>
     <span class='ocr_line' id='line_1_29' title="bbox 94 3162 1030 3241; baseline -0.006 -13"><span class='ocrx_word' id='word_1_187' title='bbox 94 3169 476 3231; x_wconf 87' lang='lat' dir='ltr'><strong>distribuuntuniversum</strong></span> <span class='ocrx_word' id='word_1_188' title='bbox 489 3185 609 3230; x_wconf 86' lang='lat' dir='ltr'><strong>annum</strong></span> <span class='ocrx_word' id='word_1_189' title='bbox 624 3166 880 3241; x_wconf 88' lang='lat' dir='ltr'><strong>ecclesiasticum,</strong></span> <span class='ocrx_word' id='word_1_190' title='bbox 898 3168 929 3226; x_wconf 90' lang='lat' dir='ltr'><strong>et</strong></span> <span class='ocrx_word' id='word_1_191' title='bbox 943 3162 1030 3224; x_wconf 81' lang='lat' dir='ltr'><strong>feriis</strong></span> 
     </span>
     <span class='ocr_line' id='line_1_30' title="bbox 94 3262 1030 3344; baseline -0.004 -17"><span class='ocrx_word' id='word_1_192' title='bbox 94 3271 125 3327; x_wconf 88' lang='lat' dir='ltr'><strong>et</strong></span> <span class='ocrx_word' id='word_1_193' title='bbox 141 3266 305 3329; x_wconf 88' lang='lat' dir='ltr'><strong>dominicis</strong></span> <span class='ocrx_word' id='word_1_194' title='bbox 325 3267 585 3331; x_wconf 87' lang='lat' dir='ltr'><strong>antecedentibus</strong></span> <span class='ocrx_word' id='word_1_195' title='bbox 610 3269 642 3327; x_wconf 91' lang='lat' dir='ltr'><strong>et</strong></span> <span class='ocrx_word' id='word_1_196' title='bbox 664 3263 931 3344; x_wconf 86' lang='lat' dir='ltr'><strong>consequentibus</strong></span> <span class='ocrx_word' id='word_1_197' title='bbox 952 3262 1030 3324; x_wconf 90' lang='lat' dir='ltr'><strong>dant</strong></span> 
     </span>
     <span class='ocr_line' id='line_1_31' title="bbox 94 3380 220 3424; baseline 0 -2"><span class='ocrx_word' id='word_1_198' title='bbox 94 3380 220 3424; x_wconf 88' lang='lat' dir='ltr'><strong>nomen.</strong></span> 
     </span>
    </p>

    <p class='ocr_par' dir='ltr' id='par_1_9' title="bbox 91 3456 1029 3636">
     <span class='ocr_line' id='line_1_32' title="bbox 132 3456 1029 3522; baseline -0.009 0"><span class='ocrx_word' id='word_1_199' title='bbox 132 3458 288 3522; x_wconf 78' lang='lat' dir='ltr'><strong>Vnriahic</strong></span> <span class='ocrx_word' id='word_1_200' title='bbox 301 3459 438 3521; x_wconf 86' lang='lat' dir='ltr'><strong>dicende</strong></span> <span class='ocrx_word' id='word_1_201' title='bbox 447 3463 649 3522; x_wconf 85' lang='lat' dir='ltr'><strong>occurrerent</strong></span> <span class='ocrx_word' id='word_1_202' title='bbox 662 3459 702 3519; x_wconf 90' lang='lat' dir='ltr'><strong>de</strong></span> <span class='ocrx_word' id='word_1_203' title='bbox 716 3456 897 3520; x_wconf 87' lang='lat' dir='ltr'><strong>diversitate</strong></span> <span class='ocrx_word' id='word_1_204' title='bbox 912 3457 1029 3518; x_wconf 87' lang='lat' dir='ltr'><strong>rituum</strong></span> 
     </span>
     <span class='ocr_line' id='line_1_33' title="bbox 91 3552 1028 3636; baseline -0.01 -21"><span class='ocrx_word' id='word_1_205' title='bbox 91 3572 159 3636; x_wconf 83' lang='lat' dir='ltr'><strong>quae</strong></span> <span class='ocrx_word' id='word_1_206' title='bbox 174 3554 345 3633; x_wconf 83' lang='lat' dir='ltr'><strong>respondet</strong></span> <span class='ocrx_word' id='word_1_207' title='bbox 359 3555 408 3617; x_wconf 89' lang='lat' dir='ltr'><strong>his</strong></span> <span class='ocrx_word' id='word_1_208' title='bbox 422 3555 509 3618; x_wconf 86' lang='lat' dir='ltr'><strong>festis</strong></span> <span class='ocrx_word' id='word_1_209' title='bbox 533 3554 565 3615; x_wconf 92' lang='lat' dir='ltr'><strong>in</strong></span> <span class='ocrx_word' id='word_1_210' title='bbox 580 3552 708 3633; x_wconf 84' lang='lat' dir='ltr'><strong>liturgic</strong></span> <span class='ocrx_word' id='word_1_211' title='bbox 723 3552 947 3626; x_wconf 87' lang='lat' dir='ltr'><strong>ecclesiastica,</strong></span> <span class='ocrx_word' id='word_1_212' title='bbox 966 3566 1028 3609; x_wconf 90' lang='lat' dir='ltr'><strong>non</strong></span> 
     </span>
    </p>

    <p class='ocr_par' dir='ltr' id='par_1_10' title="bbox 179 3658 939 3716">
     <span class='ocr_line' id='line_1_34' title="bbox 179 3658 939 3716; baseline -0.009 0"><span class='ocrx_word' id='word_1_213' title='bbox 179 3676 245 3716; x_wconf 80' lang='lat' dir='ltr'><strong>nou.</strong></span> <span class='ocrx_word' id='word_1_214' title='bbox 268 3676 299 3716; x_wconf 91' lang='lat' dir='ltr'><strong>u.</strong></span> <span class='ocrx_word' id='word_1_215' title='bbox 907 3658 939 3709; x_wconf 80' lang='lat' dir='ltr'><strong>ld</strong></span> 
     </span>
    </p>
   </div>
   <div class='ocr_carea' id='block_1_6' title="bbox 0 0 1243 4125">
    <p class='ocr_par' dir='ltr' id='par_1_11' title="bbox 0 0 1243 4125">
     <span class='ocr_line' id='line_1_35' title="bbox 0 0 1243 4125; baseline 0 0"><span class='ocrx_word' id='word_1_216' title='bbox 0 0 1243 4125; x_wconf 95' lang='lat' dir='ltr'><strong> </strong></span> 
     </span>
    </p>
   </div>
  </div>
 </body>
</html>
