2442 4125
179 330 238 389 216
387 340 719 387 1uss1rurrounsrua1s
741 339 897 385 educarer.

178 483 360 549 trimonium
373 482 479 543 statim
492 481 652 559 subsistat,
668 484 724 543 aut
737 482 859 543 nullum
871 482 923 560 sit,
933 484 1111 546 secundum

177 581 262 663 quod
277 597 353 642 vera
366 578 460 640 fuerit
474 584 529 639 aut
541 578 623 639 falsa
636 577 788 640 conditio.

219 680 252 742 Si
265 696 340 740 vero
355 675 549 739 conditiones
563 675 680 737 fuerint
699 674 835 753 propriae
854 684 886 735 et
903 678 1107 756 suspensive,

178 774 385 837 communiter
407 771 593 846 admittitur,
623 771 751 850 quiesi
778 770 951 849 purificatus
979 770 1108 850 luerint,

177 873 301 933 illarum
324 871 464 945 effectus,
488 866 711 929 retrotrahitur
733 866 774 927 ad
797 870 923 946 tempus
946 867 1015 929 initi
1036 887 1110 929 con-

176 970 305 1043 tractus,
321 965 412 1027 etita
432 962 607 1043 conjunctis
625 962 832 1041 temporibus,
853 961 969 1023 accidit
987 967 1022 1024 ut
1039 982 1108 1024 ma·

175 1062 358 1123 trimonium
381 1059 421 1121 ab
442 1058 530 1121 initio
552 1058 667 1133 valeat,
692 1055 747 1119 aut
768 1058 889 1119 nullum
910 1059 961 1121 sit.
983 1058 1110 1119 Adsunt

176 1159 327 1219 nonnulla
340 1174 492 1236 responsa
506 1156 552 1217 Pii
566 1158 592 1218 V
607 1156 657 1217 vel
671 1156 839 1217 Clementis
855 1158 923 1219 Vlll
937 1157 970 1216 in
981 1158 1108 1219 casibus

175 1254 397 1335 peculiaribus,
428 1271 497 1333 quae
522 1252 604 1313 banc
627 1251 806 1331 opinionem
829 1253 1028 1329 confirmant,
1053 1254 1109 1333 qui

174 1349 322 1411 videlieet
335 1349 482 1409 dixerunt
495 1348 527 1408 in
541 1364 617 1407 casu
631 1347 783 1424 peculiari
797 1364 924 1409 necesse
938 1366 1002 1410 non
1011 1348 1108 1409 luisse

174 1462 327 1508 renovare
343 1460 529 1505 consensum
544 1460 652 1503 coram
665 1443 816 1521 parocho.

215 1545 278 1606 Seu
293 1542 362 1603 aliis
376 1542 480 1621 placet
497 1538 692 1600 conditiones
710 1540 910 1618 suspensivss
928 1558 993 1601 non
1014 1557 1106 1619 posse

174 1639 320 1719 componi
333 1656 406 1700 cum
419 1634 618 1697 matrimonio
637 1633 676 1695 de
691 1636 850 1713 praesenti,
865 1635 911 1696 ita
923 1637 1105 1715 postulante

174 1735 312 1815 conjugii
326 1740 450 1809 natura,
468 1750 538 1812 quae
553 1732 736 1812 conjugium
749 1731 782 1793 in
796 1750 948 1811 suspenso
963 1751 1106 1795 essenon

173 1831 262 1905 sinit;
285 1830 374 1910 cujus
396 1829 443 1889 rei
466 1846 572 1905 causa,
598 1828 766 1908 singularis
789 1827 954 1905 disciplina
976 1834 1106 1907 recepta

174 1931 232 2005 est,
261 1930 296 1989 ut
323 1928 502 1988 contractus
530 1926 724 2005 sponsalium
745 1925 950 2004 praecederet,
980 1926 1105 2004 quoties

172 2027 369 2088 contractum
390 2021 528 2104 conjugii
547 2022 579 2083 in
597 2021 683 2083 aliud
701 2026 836 2101 tempus,
856 2040 914 2084 seu
931 2022 965 2084 in
983 2027 1106 2085 certum

173 2126 321 2182 eventum
334 2119 453 2180 differri
468 2117 640 2196 expediret.
782 2128 786 2134 '

211 2215 237 2273 N
240 2231 280 2275 on
295 2219 400 2272 tamen
413 2211 487 2272 inde
502 2211 624 2272 censuit
637 2209 818 2291 hujusmodi
836 2211 1032 2273 conditiones
1046 2231 1103 2292 pro

172 2324 234 2366 non
249 2305 380 2384 adjectis
395 2306 515 2382 haberi,
540 2306 596 2366 sed
617 2312 740 2367 tantum
761 2309 867 2368 actum
887 2325 950 2369 non
969 2325 1104 2386 suspen-

171 2401 245 2462 dere
268 2405 300 2461 et
320 2403 435 2462 resolvi
455 2403 485 2462 in
505 2401 641 2480 modum·
662 2404 746 2464 unde
767 2406 913 2465 accurate
934 2408 1105 2466 teneantur

171 2497 402 2574 contrahentes,
420 2496 523 2576 quoad
538 2497 597 2577 ipsi
610 2505 770 2577 poterunt,
783 2501 887 2562 utillae
897 2501 1099 2580 impleantur.

170 2593 270 2674 Hujus
284 2593 446 2658 sententie
461 2598 508 2655 est
521 2595 651 2655 Berardi
667 2598 720 2675 qui
734 2597 826 2658 affert
839 2597 1018 2676 exemplum
1031 2614 1103 2656 rna-

170 2690 309 2755 trimonii
323 2691 476 2753 contracti
489 2691 548 2752 sub
563 2691 742 2752 conditione
758 2711 765 2753 :
782 2692 821 2754 Si
832 2689 947 2753 centum
960 2691 992 2751 io
1004 2691 1100 2752 dotem

171 2789 294 2852 dederis.

209 2889 277 2949 Uno
292 2885 389 2948 verbo
405 2890 459 2947 aut
480 2884 550 2947 telis
568 2902 658 2946 mens
678 2884 926 2964 deprehenditur
944 2902 1008 2964 qua
1026 2900 1100 2943 cou-

168 2984 329 3046 trahentcs
344 2981 498 3043 voluerint
517 2999 573 3060 per
592 2999 662 3041 cam
681 2980 893 3042 conditionem
910 2984 1016 3041 actum
1034 2997 1100 3040 sus

168 3080 307 3157 pendere
321 3079 373 3140 vel
387 3095 460 3139 non.
478 3077 512 3138 Si
525 3076 683 3138 voluerint
695 3081 800 3138 actum
809 3076 1014 3155 suspendere,
1026 3074 1102 3134 licet

168 3175 267 3235 verba
279 3175 467 3252 protulerint
485 3173 523 3234 de
543 3173 701 3250 praesenti,
722 3191 893 3235 consensus
912 3189 975 3234 non
994 3173 1041 3232 est
1060 3171 1099 3231 de

168 3271 325 3348 prasenti,
349 3275 380 3330 ct
402 3269 637 3332 matrimonium
658 3267 735 3328 illud
759 3269 926 3330 resolvitur
948 3269 979 3327 in
1004 3283 1100 3346 spon-

168 3365 246 3425 salia
265 3364 345 3444 (cap.
368 3383 386 3427 v
408 3366 447 3426 de
466 3365 727 3443 conditionibus).
749 3366 781 3426 Si
800 3383 876 3426 vero
895 3383 986 3425 mens
1004 3360 1101 3423 fuerit

167 3465 273 3524 actum
288 3478 351 3521 non
365 3462 588 3540 suspendendi,
605 3461 753 3539 conditio,
770 3463 857 3524 exiis
867 3481 938 3542 quae
949 3460 1096 3536 diximus,

166 3554 335 3617 resolvitur
348 3557 379 3616 io
392 3556 520 3618 credam.
