2442 4125
171 366 230 429 220
379 380 607 429 rusrrrorroans
628 381 710 427 suars
732 379 890 427 osnourcr.

173 526 250 601 deri,
263 525 337 606 jura
351 528 459 588 nostra
473 528 623 588 curarunt
635 524 742 605 aliquo
756 522 849 589 modo
861 524 947 587 hisce
957 529 1102 588 contrec-

171 620 255 681 tihus
269 618 446 699 providere.

215 718 283 777 Non
308 717 454 795 poterant
476 720 560 778 certe
584 715 695 777 initam
717 714 900 776 societatem
923 714 1104 777 rescindere

171 810 204 871 in
219 810 359 885 favorem
377 812 460 872 illius
478 811 531 891 qui
552 812 701 893 injuriam
723 829 835 891 passus
856 814 949 872 esset.
975 814 1055 871 Nam
1078 810 1104 870 si

173 906 234 967 hoo
251 906 304 987 jus
325 925 491 969 romanum
514 908 640 969 admisit
660 908 765 988 quoad
786 910 967 969 contractus
987 906 1042 986 qui
1064 906 1103 966 de

173 1019 231 1061 sue
245 1006 358 1064 natura
371 1021 433 1065 non
449 1007 553 1066 essent
566 1005 729 1084 perpetui,
747 1023 810 1066 non
824 1008 950 1082 poterat
967 1004 1028 1063 hoc
1046 1004 1104 1063 Eo·

173 1096 268 1157 alesia
290 1099 456 1161 admittere
480 1099 611 1162 relative
635 1100 676 1160 ad
696 1100 942 1177 matrimonium,
964 1099 1049 1179 quod
1064 1098 1104 1159 de

173 1208 231 1251 sua
244 1194 357 1253 natura
370 1198 558 1273 perpetuum
572 1200 630 1255 est.
643 1196 725 1273 lingo
740 1210 803 1253 non
818 1195 920 1272 potuit
933 1193 1007 1253 huic
1021 1192 1104 1253 malo

173 1286 339 1363 providere
363 1290 422 1351 nisi
445 1290 597 1353 irritando
622 1293 817 1352 contractum
844 1290 886 1350 ab
913 1289 1018 1362 initio;
1045 1288 1105 1349 hoc

173 1387 280 1445 autem
303 1402 428 1445 summa
450 1385 618 1463 prudentia
636 1385 753 1461 effecit,
780 1384 1001 1464 distinguendo
1023 1383 1106 1444 inter

173 1480 320 1543 timorem
334 1487 366 1541 et
378 1480 525 1542 timorem
544 1501 550 1543 :

215 1578 246 1635 1⁰
260 1576 368 1638 Timor
382 1574 451 1637 leole
466 1593 528 1637 non
541 1576 655 1652 irritat,
670 1576 738 1637 sive
752 1576 826 1656 quia
840 1575 931 1637 facile
945 1573 1103 1637 contemni

174 1674 296 1749 potest3
323 1678 355 1733 et
369 1672 397 1733 si
414 1672 644 1747 admitteretur,
660 1671 826 1732 innumere
839 1670 1040 1732 matrimonia
1053 1670 1103 1731 vel

174 1764 285 1843 dubia,
312 1767 361 1827 vel
385 1767 487 1844 nulla,
509 1767 559 1829 vel
579 1766 686 1829 multis
707 1767 946 1829 difficultatibus
968 1766 1104 1829 obnoxia

174 1865 291 1924 essent.

213 1961 246 2018 2⁰
260 1959 367 2037 Ipsum
380 1956 526 2021 timorem
539 1976 659 2038 yrooem
678 1957 828 2033 distinxit,
853 1976 894 2019 an
915 1960 1003 2019 ortus
1024 1964 1106 2019 essct

175 2073 213 2114 ex
234 2073 322 2115 cocao
336 2054 510 2131 estrioaecc,
530 2054 580 2116 vel
603 2053 769 2116 intrinseco.
790 2053 838 2115 Ab
853 2052 1027 2116 extrinseco
1043 2053 1105 2115 dici

175 2151 338 2212 consuevit
352 2151 405 2230 qui
419 2151 569 2213 incutitur
583 2151 624 2210 ab
645 2149 808 2211 hominum
821 2151 851 2211 vi
866 2156 922 2213 aut
935 2151 1047 2224 minis;
1064 2150 1118 2231 eb⁴

175 2245 342 2307 intrinseco
357 2247 411 2326 qui
426 2247 530 2325 potius
545 2263 583 2306 ex
598 2245 796 2308 conscientiae
807 2247 940 2308 stimulis
950 2246 1104 2310 etmotivo

175 2341 285 2401 salutis
300 2347 425 2402 aeternae
442 2359 537 2420 quam
551 2359 590 2402 ex
603 2341 768 2403 hominum
782 2344 980 2418 crudelitate,
990 2343 1105 2407 severi·

175 2437 240 2494 tate
254 2438 286 2495 et
301 2434 471 2497 hostilitate
486 2437 672 2515 coneipitur.

216 2528 323 2590 Timor
337 2529 377 2590 ab
391 2530 559 2594 intrinseco
575 2551 639 2594 non
653 2533 770 2596 dirimit
792 2534 1040 2612 matrimonium,
1063 2533 1105 2595 si-

177 2625 305 2706 quidem
317 2626 402 2707 justa
416 2628 531 2708 agendi
546 2629 625 2692 ratio
641 2636 699 2707 cst,
722 2635 754 2692 et
773 2631 877 2691 miuus
896 2630 1004 2692 liberae
1025 2632 1103 2691 elec·

176 2723 253 2786 tioni
278 2724 457 2803 oppositus,
484 2728 515 2786 ct
538 2726 672 2788 naturali
696 2725 833 2806 quodam
857 2726 1020 2787 hominum
1041 2727 1106 2786 ins-

177 2823 275 2884 tinctu
304 2826 403 2895 ortus,
432 2822 551 2882 homini
576 2823 799 2898 connaturalis,
822 2825 854 2884 et
876 2822 1017 2882 omnium
1039 2821 1104 2881 tere

178 2923 314 2984 coetuum
329 2938 435 2982 comes
452 2923 483 2982 et
501 2921 699 2995 moderator3
720 2919 957 2995 rationabiliter,
977 2919 1106 2980 morali·

176 3024 225 3080 ter
252 3019 312 3080 hoc
338 3017 454 3080 motivo
483 3017 720 3079 determinatur.
752 3015 984 3079 Matrimonium
1012 3015 1104 3095 hujus

177 3111 298 3171 timoris
309 3111 432 3174 ratione
448 3110 593 3171 dirimere
608 3109 719 3171 fuisset
739 3111 847 3172 tollere
869 3107 1102 3189 quodammodo

178 3205 363 3265 moralitatis
377 3205 562 3281 custodiam,
578 3203 740 3265 stimulum
753 3203 888 3280 virtutis,
904 3203 1044 3264 medium
1059 3219 1104 3260 re·

178 3303 391 3381 parandarum
416 3303 604 3382 injuriarum
631 3308 663 3362 et
685 3302 873 3361 damnorum
894 3295 1104 3378 prospiciendi

179 3399 261 3458 bono
276 3397 372 3473 prolis
386 3403 418 3458 et
430 3397 550 3459 aditum
568 3397 691 3474 aperire
710 3395 846 3456 nullibus
867 3394 1102 3474 questionibus.

220 3493 252 3554 Si
266 3509 341 3552 vero
355 3493 449 3552 timor
462 3494 497 3552 lit
511 3493 550 3552 ab
566 3491 740 3553 extrinseco
754 3509 811 3551 seu
825 3490 865 3550 ab
884 3489 1024 3564 homine,
1044 3488 1108 3547 dis·

179 3585 294 3666 tinguit
307 3603 348 3645 au
362 3586 401 3646 sit
416 3584 540 3664 injustos
553 3587 603 3647 vel
611 3587 723 3664 justos.
739 3586 788 3647 Ad
799 3584 952 3665 justitiam
970 3584 1035 3644 duo
1054 3601 1107 3644 rc-
