2442 4125
156 272 214 329 264
363 278 694 327 rrsr1rcrrorusrcn1s
715 276 873 323 csnomcr.

378 454 390 501 a
405 448 439 493 1-1.
454 458 482 493 nr
497 456 702 491 stcutursroaurr
719 456 866 491 murmuro.

197 576 277 637 XVI.
294 572 341 635 Ad
355 569 579 633 ecclesiasticas
601 570 806 631 caeremonias
818 572 978 650 pertinent
993 575 1094 635 etiam

158 670 440 733 administrationes
454 668 735 742 sacramentorum,
749 666 813 728 sive
823 667 947 729 illorum
962 672 1096 731 nomine

158 760 368 850 intelligamus
382 768 459 831 ritus
473 765 718 827 sacramentales
740 766 793 844 qui
815 765 953 827 divinam
973 767 1096 831 habent

159 867 383 929 institutionem
399 870 429 925 et
444 860 608 924 conferunt
626 861 760 940 gratiam
779 879 818 921 ex
836 879 933 941 opere
948 868 1091 941 operato,

159 961 223 1023 sive
251 961 462 1039 intelligamus
489 956 566 1019 ritus
594 958 636 1017 ad
663 956 785 1017 illorum
819 956 1024 1018 imitationem
1052 962 1095 1021 ab

160 1059 298 1121 Ecclesia
313 1057 469 1118 institutos
484 1054 524 1116 ad
539 1054 735 1116 excitandam
744 1052 850 1128 fidem,
860 1054 1094 1135 fovendamque

114 1200 130 1224 ,
159 1154 307 1233 pietatem
315 1150 465 1224 fidelium,
479 1167 557 1230 quos
567 1149 720 1229 propriori
728 1167 823 1210 sensu
831 1167 943 1211 vocare
955 1152 1094 1214 solemus

160 1249 407 1311 sacramentalia.
438 1248 534 1308 Porro
562 1246 630 1305 istas
659 1263 766 1307 omnes
794 1246 990 1308 ceremonia
1019 1253 1095 1312 sunt

159 1344 243 1406 enim
258 1342 444 1421 multiplices
459 1345 491 1402 et
505 1340 609 1414 varia,
627 1359 696 1421 quae
711 1341 832 1404 ratione
846 1344 963 1403 rituum
977 1346 1094 1422 quibus

160 1440 379 1502 consociantur
393 1438 433 1499 ad
449 1439 640 1516 operandam
660 1439 800 1501 fidelium
814 1439 1094 1503 sanctificationem

163 1536 365 1608 ordinantem
382 1538 575 1597 tamencum
595 1540 708 1596 nostra
724 1528 976 1607 sanctificationis
997 1554 1094 1597 eausa

162 1634 299 1695 efficiens
315 1632 354 1695 sit
375 1631 552 1693 misericors
571 1633 655 1691 Deus
676 1636 707 1692 et
727 1631 836 1693 ultima
860 1630 958 1712 gloria
981 1631 1037 1691 Dei
1062 1637 1095 1692 et

161 1728 283 1800 Christi,
301 1727 373 1789 inde
388 1727 446 1788 sub
461 1726 521 1789 boc
535 1726 595 1790 alio
609 1731 752 1806 respectu
766 1726 957 1808 constituunt
971 1731 1094 1805 partem

163 1825 364 1903 conspicuam
389 1825 649 1886 ceremoniarum
675 1841 745 1904 qua
775 1825 894 1886 adlici
916 1825 1036 1886 cultum
1061 1825 1094 1884 in

162 1919 303 1983 Ecclesia
315 1920 533 1998 porriguntur..
560 1916 562 1919 ’

201 2015 240 2078 Ut
255 2014 434 2095 hujusmodi
455 2015 534 2080 ritus
549 2014 721 2078 secundum
732 2014 875 2076 Ecclesia
886 2012 1093 2095 intentionem

162 2120 400 2195 peragerentur,
418 2116 515 2178 utitur
528 2114 667 2176 Ecclesia
680 2111 767 2174 libris
780 2111 944 2174 ritualibus
966 2118 998 2174 et
1018 2130 1096 2190 pon·

162 2215 341 2288 tificalibus,
357 2232 420 2275 non
436 2232 527 2278 secus
542 2230 577 2275 ac
592 2211 678 2274 libris
696 2210 872 2271 missalibus
886 2211 1001 2289 quibus
1016 2210 1094 2272 crdo

162 2310 316 2370 tenendus
332 2311 409 2370 iniis
424 2309 612 2392 peragendis
625 2308 816 2388 designatur.
826 2307 888 2370 Sed
898 2306 1095 2369 cumhorum

162 2405 379 2467 tractationem
403 2407 471 2483 jem
498 2404 820 2485 praeoccuparerimns
855 2404 1023 2482 loquentes
1053 2403 1094 2464 de

160 2496 256 2560 rebus
270 2498 481 2578 spiritualibus
496 2499 644 2560 ordinatis
657 2500 698 2561 ad
712 2499 992 2562 sanctificationem
1017 2516 1092 2560 nos·
1163 2553 1170 2560 .

162 2601 253 2671 tram,
270 2611 334 2655 non
348 2593 458 2658 attinet
471 2593 510 2657 de
525 2594 562 2656 iis
577 2595 637 2656 alia
652 2594 768 2657 dicere.
1065 2592 1072 2604 '

448 2789 461 2837 a
476 2784 523 2829 111.
537 2795 565 2829 rr
579 2793 689 2829 racemus
704 2793 815 2829 recurris.

201 2915 293 2978 XVll.
310 2914 435 2975 Gaeierae
450 2909 596 2979 Ecclesiae
611 2910 807 2973 caeremoniae
817 2911 1016 2990 possuntsub
1031 2929 1097 2975 una

161 3006 299 3090 generali
315 3007 479 3072 intuitione
494 3006 733 3086 comprehendi3
759 3006 932 3069 consistunt
955 3007 1041 3069 enim
1062 3009 1095 3069 in

159 3103 291 3182 publicis
301 3103 445 3183 precibus
460 3107 491 3164 et
506 3099 796 3181 supplicationibus.
814 3103 869 3162 Hae
880 3103 1097 3166 consistebant

158 3199 189 3259 in
204 3200 345 3278 pluribus
359 3199 497 3280 psalmis,
514 3199 640 3278 hymnis
654 3202 684 3260 et
703 3187 906 3274 orationibus,
930 3215 1008 3278 quas
1028 3199 1093 3260 cle-

158 3293 213 3355 rici
228 3300 259 3354 et
272 3291 342 3356 laici
357 3314 418 3356 una
437 3295 658 3357 convenientes
677 3293 830 3356 matutino
848 3299 991 3373 tempore
1018 3300 1093 3355 anta

158 3388 230 3450 solis
246 3392 359 3463 ortum,
375 3397 406 3451 et
429 3391 603 3472 vespertino
628 3391 669 3452 ad
692 3392 764 3452 solis
788 3407 936 3453 occasum
958 3390 1088 3453 alternis

134 3485 321 3562 -cenebant,
338 3503 407 3563 quac
423 3487 573 3566 originem
597 3487 751 3550 dederunt
775 3488 817 3548 illi
840 3487 989 3549 orationis
1012 3505 1086 3566 spe·
