2442 4125
338 338 377 383 na
398 337 528 385 omncro
547 338 630 384 rums
652 336 808 383 canonici.
913 304 916 310 ’
979 326 1037 383 343

144 482 211 543 Vll.
228 480 434 558 Emphyteusi
447 480 626 559 proximum
640 483 687 543 est
696 480 816 561 seudum
831 500 842 541 .·
856 481 888 541 in
900 496 936 541 eo
948 479 1038 541 diffe-

99 578 179 636 runt
192 575 276 654 quod
286 574 340 655 jus
358 575 573 653 emphyteusis
587 576 646 636 sub
661 576 931 653 annuapensione
946 593 1036 637 cons·

101 672 245 746 tituetur,
271 671 405 732 alterum
433 672 492 731 snb
519 672 697 733 conditione
725 674 842 733 mutuae
865 670 1034 733 fidelitatis.

102 765 248 827 Feudum
258 768 341 827 enim
351 766 474 840 definiri
483 771 586 846 potest
598 788 605 829 :
615 767 668 847 jus
679 766 797 846 praedio
809 766 911 826 alieno
921 767 953 827 in
964 785 1038 844 per-

100 867 235 942 petuum
256 863 306 923 rel
334 864 375 925 ad
402 867 526 942 tempus
548 864 668 940 utendi,
692 862 776 942 quod
800 881 857 941 pro
880 862 1036 924 beneficio

103 959 251 1019 dominus
265 957 320 1019 dut
334 977 371 1019 ea
384 960 454 1039 lege
469 962 505 1021 ut
518 959 705 1039 quiaccipit,
718 958 776 1019 sibi
787 957 883 1018 fidem
897 961 929 1019 et
942 959 1036 1019 servi

101 1054 183 1116 tium
197 1054 324 1133 aliquod
340 1055 495 1117 exhibeat.

142 1149 206 1209 Ista
232 1148 353 1226 species
380 1152 560 1210 contractus
588 1147 742 1209 derivavit
763 1138 1034 1226 a'Longobardis,

103 1260 241 1323 quorum
254 1244 412 1321 principes
426 1246 461 1305 ut
474 1243 534 1303 sihi
547 1242 718 1305 benevolos
727 1242 900 1304 redderunt
910 1243 1033 1305 milites.

102 1335 227 1396 ltaliam
240 1335 383 1415 ingressi,
401 1339 436 1396 ut
449 1352 541 1395 sunm
554 1334 723 1417 imperium
737 1335 924 1413 stabilirent,
941 1336 1037 1397 urbes

102 1435 136 1492 et
158 1429 379 1491 castellucum
406 1430 588 1510 subjacente
616 1448 693 1509 agro
722 1431 854 1493 ducibus
881 1436 1037 1494 exercitus

102 1526 235 1605 aliisque
250 1526 304 1605 qui
317 1526 440 1606 majora
452 1528 485 1586 in
498 1528 580 1589 hello
597 1528 756 1590 dedissent
770 1528 921 1589 virtutum
935 1530 1037 1607 speci-

101 1622 190 1682 mina
208 1622 306 1701 gratis
326 1622 414 1683 feudi
436 1624 562 1683 nomine
581 1629 815 1700 concesserunt,
841 1623 896 1683 uhi
917 1625 1037 1703 rogaho

102 1721 298 1779 exercerent·
313 1718 433 1779 tributa
451 1718 638 1797 imperando
661 1717 776 1779 atalia
799 1736 868 1798 quae
888 1719 1037 1798 jurisdic-

1 1842 8 1850 ·
100 1813 196 1875 tionis
210 1813 345 1891 politicae
359 1819 432 1876 sunt
446 1815 575 1893 propria
587 1815 647 1874 sub
663 1832 760 1875 onere
785 1814 944 1876 fidelitatis
959 1815 1035 1895 (feu-

101 1912 180 1971 dum
198 1910 332 1972 verbum
353 1930 373 1971 a
395 1910 475 1990 ilde)
498 1914 529 1973 et
551 1910 702 1972 auxilium
716 1910 812 1971 etiam
824 1912 989 1990 personale
1003 1914 1035 1974 in
1149 1950 1152 1954 -

100 2006 196 2070 bello.
226 2008 303 2069 Inde
331 2007 383 2070 ille
411 2008 465 2088 qui
491 2007 623 2069 feudum
651 2008 846 2069 concedebat
872 2007 1037 2070 dicebatur

100 2104 246 2176 dominus,
275 2104 326 2164 ille
355 2105 406 2164 cui
434 2104 666 2166 concedebatur
693 2103 856 2164 dicebatur
882 2104 1033 2182 caesullae,

60 2219 64 2225 ·
98 2197 204 2280 miles,
221 2202 253 2261 et
266 2199 479 2272 feudatarius;
502 2200 577 2260 inde
592 2218 701 2279 regna,
718 2199 916 2276 electoratus,
940 2197 1036 2260 duca-

100 2299 164 2372 tus,
194 2295 439 2378 marchionatus,
468 2297 678 2375 principatus,
708 2296 875 2358 comitatus
902 2296 955 2376 qui
980 2296 1037 2357 ali-

100 2389 228 2471 qnando
243 2394 275 2452 et
289 2391 521 2471 episcopatibus
535 2397 609 2452 sunt
622 2391 792 2472 conjuncti.

89 2482 92 2486 ’
124 2458 282 2556 sednon
297 2487 404 2547 omnia
417 2487 512 2549 feuda
527 2490 618 2549 erant
631 2489 766 2567 regalia3
785 2489 917 2551 ederant
927 2493 959 2551 et
972 2507 1035 2550 non
1090 2559 1093 2566 Ι

39 2572 222 2663 ζῗτᾳςαίἰα
248 2583 350 2660 magis
377 2583 490 2644 similia
521 2583 740 2660 emphyteusi,
766 2583 833 2642 sole
860 2583 1037 2644 differentia

32 2702 48 2740 2
71 2657 272 2736 ‘'fidelitatis.
290 2677 357 2736 Non
381 2684 484 2739 cessat
501 2680 654 2756 tanquam
675 2676 890 2754 emphyteusis
911 2676 952 2738 ob
972 2697 1036 2740 non

99 2772 238 2834 solutum
253 2791 417 2852 canonem,
434 2776 490 2836 sed
509 2775 550 2836 oh
573 2791 637 2834 non
661 2778 818 2835 servatam
838 2773 1034 2850 fidelitatem,

99 2883 158 2928 ssu
174 2866 214 2927 oh
229 2867 348 2928 crimen
362 2866 508 2930 felloniae.

140 2963 289 3025 Jamvero
304 2981 377 3024 cum
391 2963 572 3044 hujusmodi
586 2959 765 3024 contractus
786 2961 819 3021 in
841 2979 899 3022 usu
918 2967 1032 3039 essent,

99 3058 152 3119 vel
165 3059 322 3137 principes
336 3059 453 3134 saecnli,
470 3060 520 3121 vel
539 3060 634 3121 etism
655 3058 795 3137 episcopi
808 3056 892 3118 soliti
908 3056 1036 3119 fuerunt

97 3153 185 3213 hona
211 3152 358 3214 Ecclesiae
376 3153 527 3214 militibus
546 3152 710 3213 infeudare
736 3151 819 3230 (vide
844 3150 969 3229 Soglia,
995 3152 1035 3212 dc

96 3247 171 3328 jure
189 3247 312 3327 privato
332 3250 372 3310 dc
390 3248 560 3310 intendatis
576 3248 716 3323 decimis,
738 3251 770 3309 et
790 3245 920 3324 Walter)
937 3267 944 3307 :
962 3247 1034 3308 inde

100 3344 235 3424 direptio
250 3346 404 3423 processit
417 3346 482 3406 fere
497 3343 636 3405 universi
649 3343 765 3421 peculii
779 3343 992 3404 ecclesiastici.

141 3440 236 3502 Plura
249 3442 382 3502 concilia
396 3446 545 3502 curarunt
560 3443 594 3501 ut
616 3439 685 3499 haec
698 3439 784 3500 bona
806 3441 851 3501 sic
873 3440 1035 3502 infeudata

48 3557 52 3564 ¹
99 3537 339 3600 restituerentur
353 3538 501 3599 ecclesiis.
519 3535 698 3599 Praesertim
717 3536 883 3600 concilium
906 3540 1035 3600 batera-
