2442 4125
181 370 239 431 {80
390 376 618 428 rusmrormuas
637 380 720 426 ruars
741 374 900 429 cruourcr.

178 530 211 589 in
225 545 258 589 re
273 530 380 589 nostra
393 542 456 587 non
469 523 670 605 praesumitur
682 524 809 586 irritans
823 525 883 586 nisi
895 529 930 587 ut
942 527 1016 588 talis
1031 530 1123 607 posi·

178 624 240 685 tive
261 622 545 697 demonstreretur;
568 620 619 682 vel
633 638 669 681 ex
685 638 722 681 eo
738 621 823 700 quod
845 622 1005 685 contineat
1026 624 1121 685 clau-

178 719 280 781 sulam
285 718 461 781 irritantem
471 734 662 797 expressam,
672 715 721 777 vel
730 716 880 795 implicite
892 709 1048 798 quaeras
1062 720 1119 781 lex

178 816 296 877 directe
323 817 442 893 spectet
469 812 676 874 substantiam
703 813 904 875 matrimonii.
934 816 1008 876 lam
1036 835 1117 894 vero

177 912 332 989 generalis
354 914 472 972 naturae
487 908 537 969 lex
551 927 621 988 quae
643 908 786 987 praecipit
808 910 928 971 servari
951 913 1036 986 vota,
1053 931 1117 973 nec

177 1008 274 1069 ullam
288 1006 426 1068 continet
441 1010 525 1067 certe
540 1006 715 1067 clausulam
735 1005 912 1067 irritantem
930 1008 1116 1085 explicitam

177 1102 282 1182 quoad
295 1101 497 1163 matrimonia
512 1101 705 1176 voventium,
718 1118 776 1161 nec
786 1119 825 1163 ea
834 1102 954 1167 directo
964 1103 1116 1179 prohibet

176 1200 332 1279 quatenus
345 1198 463 1277 aliquid
479 1197 518 1257 de
532 1197 708 1258 substantia
721 1200 753 1260 ot
767 1197 903 1259 essentia
916 1198 1113 1260 matrimonii

176 1294 260 1355 iniis
274 1293 436 1355 connubiis
452 1292 658 1354 desideretur.

216 1392 295 1451 Nam
314 1393 413 1452 status
432 1386 606 1467 conjugalis
621 1404 683 1447 non
698 1392 745 1448 est
759 1386 902 1449 absolute
922 1386 1112 1466 incompati-

176 1482 247 1545 bilis
262 1501 334 1545 cum
354 1484 437 1544 statu
454 1479 617 1556 castitatis,
636 1478 710 1559 quia
730 1498 805 1540 usus
828 1481 963 1541 carnalis
986 1480 1111 1560 copulae

176 1598 238 1641 non
257 1578 427 1660 requiritur
444 1579 477 1637 in
491 1575 667 1651 connubiis,
684 1580 716 1635 et
734 1579 843 1637 mutuo
863 1593 1020 1637 consensu
1039 1594 1110 1654 pos-

175 1678 248 1735 sunt
268 1672 418 1752 conjuges
438 1672 483 1731 illi
503 1670 699 1746 renuntiare,
722 1671 772 1732 vel
793 1672 858 1731 Deo
882 1672 1110 1733 continentiam

174 1774 359 1850 perpetuam
380 1786 505 1830 vovere.
523 1770 606 1848 Ergo
627 1769 677 1829 lex
691 1768 843 1830 naturalis
863 1786 926 1830 non
946 1768 1111 1830 interdicit

175 1864 360 1926 voventibus
374 1864 619 1942 matrimonium,
628 1864 1109 1945 tanquamquidincompatibile

174 1959 207 2015 et
227 1954 369 2016 absolute
398 1972 578 2035 repugnans
600 1972 673 2016 cum
694 1954 757 2015 voti
779 1953 937 2029 custodia,
953 1958 1109 2033 tanquam

172 2048 320 2130 probibet
340 2048 541 2111 matrimonia
558 2049 641 2111 iuter
657 2051 779 2127 patrem
798 2047 951 2124 etlilium,
968 2047 1020 2109 vel
1039 2067 1108 2110 ma-

84 2141 88 2149 '
172 2140 321 2200 trimonia
348 2159 421 2201 cum
449 2138 626 2200 conditione
654 2138 738 2216 turpi
766 2142 876 2200 contra
895 2138 1107 2200 substantiam

173 2232 380 2306 matrimonii;
400 2232 455 2292 sed
471 2232 572 2291 solum
593 2231 689 2292 habet
706 2236 812 2294 actum
831 2231 964 2292 carnalis
984 2231 1106 2310 oopulae

172 2329 323 2404 tanquam
336 2325 565 2387 inconciliabile
580 2321 657 2386 'oum
670 2327 734 2388 voti
749 2327 903 2402 custodia,
918 2331 950 2388 et
964 2343 1028 2390 non
1042 2344 1106 2388 res-

172 2423 247 2502 picit
267 2421 502 2482 matrimonium
522 2421 579 2481 nisi
600 2422 770 2501 indirecte,
791 2427 823 2485 et
843 2427 998 2503 quatenus
1022 2423 1105 2483 rela-

171 2519 289 2579 tionem
304 2515 388 2578 dicat
401 2516 441 2578 ad
456 2517 557 2590 illam;
574 2536 637 2579 non
651 2519 742 2580 aliter
755 2538 792 2580 ac
803 2519 856 2600 jus
871 2519 1014 2580 naturale
1033 2521 1104 2598 pro'·

154 2614 259 2676 ¹hibet
278 2613 349 2674 tiliis
369 2614 615 2692 matrimonium,
632 2615 885 2676 dissentientibus
905 2614 1101 2692 parentibus,

171 2729 234 2772 non
255 2711 372 2772 directe
394 2726 456 2790 qna
477 2711 712 2773 matrimonium
732 2714 789 2787 cst,
807 2711 898 2790 quasi
919 2709 1041 2790 aliquid
1063 2709 1101 2770 de

170 2807 345 2870 substantia
358 2807 440 2867 illius
455 2806 660 2884 desideretur,
677 2807 733 2868 sed
746 2807 910 2883 indirecte,
924 2806 1101 2867 accidenta-

169 2905 241 2966 liter
250 2906 282 2964 et
291 2904 349 2965 sub
363 2901 504 2982 generali
517 2903 670 2982 principio
685 2921 747 2983 quo
761 2901 899 2963 inculcat
913 2902 1100 2981 obsequium

170 3017 245 3081 ergo
260 3003 417 3078 parentes.

208 3095 298 3156 Addo
313 3096 366 3175 jus
385 3095 551 3173 positivum
571 3094 815 3157 ecclesiasticum
835 3113 1008 3175 agnoscere
1022 3095 1100 3157 vali·

168 3192 298 3252 ditatam
316 3190 503 3269 matrimonii
526 3191 745 3251 nonnullorum
760 3191 954 3267 voventium,
972 3195 1006 3253 ut
1020 3190 1098 3251 infe-

166 3288 231 3346 rius
252 3284 403 3362 dicemus,
420 3290 451 3347 et
465 3287 596 3366 proinde
617 3304 680 3347 non
698 3305 870 3366 agnoscere
893 3287 976 3348 banc
996 3288 1098 3367 legem

166 3377 341 3439 naturalem
360 3377 510 3457 tanquam
529 3380 703 3441 irritantem
717 3398 781 3458 prae
796 3379 918 3442 ratione
938 3380 1003 3442 voti
1023 3380 1098 3440 sim-

189 3473 300 3535 liciter.

167 3494 236 3626 pt⁰
258 3563 290 3625 Si
312 3563 442 3643 quaestio
466 3567 548 3625 esset
567 3564 746 3627 delinienda
765 3585 802 3627 ex
821 3567 894 3646 jure
922 3569 1093 3643 canonico,
