2442 4125
303 328 342 372 nn
363 327 491 374 opsecro
512 327 595 374 roms
617 328 774 377 oaaoarcn
948 322 1007 380 175

380 469 408 514 a.
419 469 450 512 ns
460 469 588 526 impotentia
599 471 700 516 mnu.

109 573 208 632 XXV.
221 567 409 648 impotentia
418 568 551 630 coeundi
563 571 612 631 est
620 569 813 650 incapacitas
822 571 1008 650 perficiendi

56 667 234 729 carnalem
252 664 409 744 copulem,
425 665 475 726 vel
495 667 736 728 consummandi
755 668 1005 746 matrimonium,

55 784 130 826 seu
144 763 298 823 efficiendi
312 761 346 822 id
360 778 418 839 per
430 760 516 840 quod
535 761 686 841 conjuges
701 779 765 824 non
778 768 853 826 sunt
872 765 1007 842 amplius

55 863 148 937 duc,
164 860 219 920 sed
240 876 302 919 une
320 874 405 933 caro,
422 862 456 919 ut
474 857 686 936 distinguatur
700 859 741 920 ab
754 859 1004 940 infecunditate,

54 975 129 1017 seu
142 953 305 1035 sterilitate
326 953 463 1028 seminis,
480 969 549 1032 quen
565 952 680 1015 dicitur
699 954 889 1039 impotentia
906 973 1007 1034 gene-

57 1051 176 1126 randi,
199 1067 269 1129 quae
291 1065 412 1109 mennae
434 1047 489 1108 Dei
511 1048 729 1126 providentia,
745 1051 779 1110 in
799 1051 1005 1130 generatione

59 1146 210 1208 hominis
224 1143 422 1205 concurrenti
436 1144 644 1223 relinquenda
657 1150 714 1206 est.
727 1147 797 1207 Non
811 1147 908 1208 semel
922 1150 1007 1210 enim

61 1241 189 1304 accidit
208 1244 253 1316 ut,
268 1240 342 1302 lieet
361 1239 481 1301 honum
501 1257 609 1300 semen
629 1241 803 1302 seminetur
820 1248 853 1306 et
866 1243 1006 1324 legitimo

61 1339 181 1412 modo,
198 1339 281 1397 Dens
301 1337 532 1396 incrementum
550 1335 692 1413 pendet,
709 1341 741 1400 et
754 1356 817 1400 non
837 1341 1004 1420 germinet,

63 1435 150 1494 dum
171 1434 296 1506 contre,
313 1427 482 1508 aliquando
503 1430 587 1489 Deus
607 1429 750 1491 habitare
770 1431 848 1494 facit
867 1433 1007 1496 sterilem

64 1529 102 1588 in
121 1527 227 1601 domo,
244 1529 275 1587 et
288 1525 447 1604 insperato
462 1523 574 1585 foetum
588 1526 795 1606 concipietur.

113 1625 146 1683 10
161 1625 236 1683 Haec
249 1620 434 1699 impotentia
447 1620 522 1681 oriri
535 1624 640 1700 potest
655 1622 706 1684 vel
720 1640 741 1682 a
754 1622 858 1683 causis
878 1626 1008 1683 natura·

64 1721 155 1781 libus
176 1718 227 1780 vel
248 1735 286 1778 ex
306 1716 471 1778 meleficio.
494 1716 626 1778 Berardi
645 1721 738 1797 putat
760 1717 829 1779 haec
852 1717 1008 1780 maleficia

67 1816 170 1876 fuisse
183 1813 330 1892 vulgares
345 1812 580 1890 superstitiones
591 1812 704 1874 mediae
719 1814 830 1875 aetetis.
844 1814 907 1877 Sed
918 1814 1007 1893 qnid-

69 1911 150 1992 quid
166 1911 206 1972 sit
225 1909 263 1970 de
282 1908 376 1984 tuoto,
392 1907 442 1968 vel
465 1908 568 1987 potius
589 1908 629 1969 de
651 1908 742 1971 factis
765 1927 839 1970 cnm
861 1911 1007 1971 omnibus

68 2008 138 2069 suis
153 2003 350 2066 adminiculis
365 2003 532 2082 inspectis:
545 2004 630 2082 quod
645 2007 712 2065 aste
726 2003 883 2066 diabolica
897 2004 1009 2084 hujus-

69 2102 162 2163 modi
176 2102 304 2161 effectus
325 2098 457 2177 produci
477 2101 605 2179 queant,
622 2115 686 2159 non
706 2098 833 2161 videtur
846 2099 1007 2179 ambigen-

70 2200 162 2259 dum.
180 2195 325 2277 (Consule
341 2195 518 2273 Gonzalez.)
641 2202 644 2205 ’

112 2298 144 2354 20
160 2292 313 2353 Absoluta
333 2308 401 2353 esse
421 2294 592 2371 potestant
606 2290 747 2353 relativa.
765 2291 918 2355 Absoluta
936 2310 1007 2373 quoe

72 2404 121 2460 est
144 2398 178 2457 in
199 2398 284 2475 viro,
300 2400 444 2475 respectu
469 2396 609 2458 omnium
632 2396 844 2476 ioeminarum,
861 2404 916 2460 aut
937 2400 1006 2460 vice

71 2506 183 2567 verse3‘
199 2492 331 2554 relotiva
351 2508 421 2572 quae
443 2490 661 2554 consideretur
680 2498 826 2570 respectu
846 2492 887 2553 ad
908 2508 1007 2553 unum

74 2594 106 2652 ct
119 2606 228 2665 unum,
245 2605 309 2649 non
322 2590 468 2666 respectu
482 2588 523 2647 ad
538 2605 659 2648 omnes.
729 2583 733 2588 ’

114 2686 147 2745 30
161 2687 380 2762 'temporanea
400 2700 471 2764 quae
491 2682 614 2745 idoneis
633 2682 780 2743 remediis
799 2684 903 2759 potest
915 2698 1006 2758 supe·

75 2782 149 2857 reri,
166 2782 217 2841 vel
231 2783 384 2858 perpetue
398 2798 460 2860 quo
474 2780 671 2841 naturalibus
684 2778 833 2841 remediis
846 2781 902 2837 ant
915 2775 1008 2835 abso-

73 2878 138 2940 lute
155 2876 224 2939 tolli
237 2894 300 2937 non
314 2879 427 2955 potest,
444 2882 499 2939 aut
512 2876 625 2938 saltem
638 2876 705 2937 sine
719 2876 791 2936 vitae
806 2872 956 2951 periculo.

113 2978 147 3034 40
161 2972 360 3035 Antecedens
373 2973 423 3034 vel
438 2973 633 3052 subsequens
650 2970 895 3032 matrimonium.
911 2967 1008 3028 Ante-

76 3065 191 3127 cedens
213 3082 304 3141 vero,
320 3065 371 3126 vel
392 3064 518 3145 cognite
532 3085 552 3127 e
565 3062 824 3128 contrahentibus
846 3061 898 3123 vel
918 3062 1008 3141 igno-

75 3167 154 3221 rate.
353 3243 357 3250 .

466 3252 617 3296 dteoremota.

115 3340 146 3397 10
170 3336 367 3427 'temporalis
396 3337 581 3417 impotentia
604 3354 668 3397 non
697 3333 817 3397 dirimit
844 3334 1007 3397 matrimo-

77 3434 177 3509 nium;
196 3433 282 3495 nullo
302 3434 386 3495 enim
396 3433 468 3514 jure
483 3433 615 3497 actualis
636 3430 819 3495 concubitus
838 3432 1009 3513 requiritur

77 3530 116 3591 ad
129 3528 325 3591 matrimonii
339 3528 519 3592 essentiam.
