2442 4125
384 319 423 364 uu
444 318 572 366 omucro
592 318 676 366 rums
698 319 853 368 carorum.
955 285 957 290 ¹
1027 313 1081 372 llll

188 461 305 525 Addite
319 460 414 541 vulgo
428 460 505 522 ferri
517 460 618 522 solere
634 461 793 541 quoddam
805 463 1007 544 privilegium
1026 467 1083 528 da-

145 563 217 622 tum
231 559 272 619 ab
285 560 392 619 Innoc.
411 559 480 619 VIII
491 556 522 617 iu
532 556 620 618 bulla
629 555 774 638 Ecposce't
786 559 893 621 lavore
908 561 1015 624 abbati
1027 581 1084 642 ge·

146 653 249 717 nerali
263 654 515 716 cisterciensium
533 671 591 733 pro
613 655 758 716 omnibus
779 657 943 718 monachis
965 658 1082 720 ordinis

34 759 39 765 '
145 752 208 828 sui,
225 757 257 812 et
270 751 377 812 favore
393 753 528 830 quatuor
540 751 763 830 primariorum
777 751 929 814 abbatum
944 772 1001 832 pro
1016 773 1084 816 mo-

146 846 359 910 nasteriorum
372 863 501 907 sucrum
515 846 668 927 religiosis
684 847 788 926 quoad
803 847 946 909 ordinem
956 849 1082 910 subdia-

146 947 280 1006 conatus
294 947 325 1004 et
339 942 523 1003 diaconatus
540 963 547 1004 ε
563 943 627 1005 imo
643 943 886 1006 controvertitur
903 944 986 1006 inter
1007 945 1082 1006 doo-

145 1044 233 1101 tores
260 1057 300 1098 an
333 1037 438 1099 valeat
468 1040 504 1100 R.
539 1040 574 1100 P.
612 1030 760 1120 delegare
794 1040 835 1101 ad
870 1041 1081 1103 sacerdotium

145 1133 384 1210 eonferendum,
399 1133 474 1196 licet
487 1132 581 1213 hujus
601 1134 808 1213 delegationis
827 1135 949 1198 nullum
971 1137 1082 1198 affera-

145 1234 199 1292 tur
213 1229 401 1309 exemplum.

187 1326 268 1387 vl11.
284 1325 413 1387 Menimi
426 1343 477 1386 me
489 1325 642 1387 anteactis
652 1324 909 1405 explicationibus
920 1327 1081 1408 quoddam

142 1429 307 1485 tentamen
322 1422 521 1502 proposuisse
535 1423 576 1483 ad
591 1421 812 1500 explicandum
827 1424 985 1503 quomodo
996 1424 1081 1485 dele·

144 1518 231 1598 gatio
245 1519 370 1595 poterat
383 1517 574 1580 intervenire
592 1517 624 1578 in
638 1535 735 1580 causa
749 1520 1007 1596 confirmationis,
1025 1539 1080 1582 cu-

140 1614 195 1694 jus
219 1610 347 1692 aliquod
370 1613 522 1674 iudicium
546 1613 726 1693 deprompsi
755 1633 794 1675 ex
821 1615 953 1676 Berardi
974 1617 1006 1675 in
1026 1615 1079 1696 jus

143 1708 307 1790 publicum
321 1709 567 1771 ecclesiasticum
582 1709 636 1770 ubi
649 1710 771 1789 praebet
785 1710 1017 1774 distinctionem
1031 1711 1079 1772 iu-

143 1813 194 1867 ter
207 1809 394 1884 potestatem
417 1805 535 1866 ordinis
554 1809 586 1866 et
600 1805 837 1885 jurisdictionis.
859 1808 899 1869 Et
915 1807 992 1868 mihi
1011 1808 1079 1870 visa

144 1909 194 1964 est
207 1921 272 1980 pra
288 1901 409 1964 caeteris
424 1902 622 1982 opinionibus
637 1902 885 1980 accommodata,
901 1908 934 1963 et
947 1904 1024 1964 mihi
1035 1904 1079 1965 vi-

143 1999 239 2061 detur
262 1998 357 2061 etiam
375 2000 477 2079 magis
496 1998 657 2061 cohaerere
671 1996 775 2058 verbis
789 1998 975 2076 tridentIni,
993 1997 1078 2079 quod

143 2092 257 2153 asserit
271 2092 390 2153 nullam
404 2093 469 2155 sire
484 2091 691 2154 confirmandi
706 2092 772 2153 sive
787 2092 955 2153 ordinandi
974 2097 1078 2170 potes-

143 2192 244 2251 tatem
258 2189 474 2251 sacerdotibus
488 2190 679 2267 competere.
697 2189 852 2249 Gaeterum
866 2204 1000 2250 veneror
1014 2189 1079 2268 opi·

143 2284 255 2345 uiones
270 2300 380 2344 eorum
394 2282 448 2361 qui
461 2300 512 2342 me
526 2280 732 2361 sapientiores
748 2284 830 2343 sunt.

184 2379 278 2443 Modo
293 2378 463 2440 consimilis
478 2377 591 2439 modus
605 2377 775 2439 solvendus
796 2380 878 2438 esset
896 2377 956 2438 hac
974 2377 1006 2438 in
1029 2397 1075 2439 re.

185 2475 302 2537 Omitto
317 2473 525 2555 questionem
539 2492 580 2534 an
594 2476 631 2534 R.
655 2475 689 2534 P.
710 2473 809 2551 possit
826 2472 973 2552 delegare
993 2472 1079 2535 ordi-

142 2570 242 2632 nandi
270 2570 471 2649 presbyteros
496 2572 702 2657 potestatemq
723 2570 758 2630 In
779 2568 828 2629 his
852 2568 1078 2647 quaestionibus

143 2667 303 2729 aliusnon
318 2665 492 2727 estmelior
509 2665 664 2744 arguendi
682 2656 794 2726 modus
814 2681 909 2744 quam
926 2664 1004 2724 illud
1024 2665 1078 2744 qui

143 2783 183 2824 ex
198 2762 280 2823 tacto
300 2763 410 2825 oritur.
429 2764 478 2823 lta
497 2780 534 2822 ex
554 2750 645 2822 iactis
663 2760 807 2840 arguitur
823 2763 962 2838 potestas
981 2762 1017 2820 R.
1040 2762 1076 2820 P.

143 2858 315 2937 delegandi
334 2858 375 2919 ad
395 2862 630 2920 sacramentum
650 2854 912 2930 confirmationis,
936 2854 1078 2917 solvendi

143 2953 381 3016 matrimonium
394 2956 499 3015 ratum
515 2971 578 3014 non
592 2954 854 3015 consummatum.
872 2949 905 3010 Si
918 2948 1001 3011 facta
1015 2967 1077 3011 non

143 3052 262 3126 essent,
279 3049 372 3110 valde
387 3050 426 3111 de
442 3050 502 3110 bac
514 3049 662 3111 facultate
677 3066 715 3109 ex
728 3044 823 3106 meris
833 3044 994 3123 principiis
1009 3064 1077 3126 spe·

142 3146 290 3207 culativis
303 3146 545 3224 ambigeremus.
562 3145 694 3217 Quando
710 3160 785 3222 ergo
805 3143 869 3219 liet,
890 3142 916 3203 si
934 3142 1002 3203 deri
1020 3160 1079 3221 po-

142 3244 218 3317 test,
248 3244 283 3302 ut
300 3242 337 3301 ll.
360 3242 394 3302 P.
416 3241 499 3302 hanc
525 3241 708 3303 facultatem
731 3239 922 3316 eommIttat‚
943 3242 1019 3301 tunc
1039 3239 1078 3317 de

141 3337 229 3398 illius
242 3337 398 3413 potestate
412 3337 474 3398 hac
487 3338 520 3397 in
534 3355 568 3397 re
582 3336 788 3415 inquiremus.

186 3430 304 3493 Omitto
318 3432 436 3508 pariter
454 3432 661 3513 quaestionem
680 3431 874 3493 consimilem
894 3448 965 3511 quae
984 3430 1081 3510 agita-

142 3532 197 3590 tur
212 3527 251 3588 de
266 3526 445 3589 diaconatu.
467 3529 705 3589 Monumentum
728 3527 812 3607 qued
834 3544 929 3605 supra
950 3524 1080 3585 allatum

947 3620 976 3672 g*
