2442 4125
222 319 282 378 346
432 325 662 374 rusmrurronas
682 325 766 371 ruris
788 324 942 372 cononici.

261 478 294 536 3⁰
308 474 343 537 Si
356 491 459 535 sermo
473 473 515 534 sit
526 472 667 532 debonis
682 470 776 533 etiam
792 469 1020 547 immobilibus
1037 471 1096 531 sed
1105 471 1151 532 do-

223 570 303 650 natia
324 568 374 630 vel
393 567 554 648 acquisitis
575 565 773 628 monasteriis
791 565 996 644 incapacibus
1018 565 1151 626 dominio

221 664 439 738 immobilium,
457 663 551 723 etiam
568 661 602 720 in
622 659 791 721 communi.
808 661 883 720 Hac
904 661 990 720 enim
1010 661 1151 721 alienatio

220 760 399 821 necessaria
415 760 455 820 iis
472 759 593 819 ratione
613 755 731 836 regulae
760 760 793 816 et
814 759 926 833 status,
947 774 1008 817 nec
1030 757 1151 836 proprie

222 855 284 916 dici
302 858 406 935 potest
428 853 574 916 alienatio
595 868 713 928 rernm,
733 869 812 931 quas
833 869 1000 932 nunquam
1021 853 1152 934 acqrnsi-

220 949 333 1011 verint.

247 1129 259 1175 fi
276 1123 321 1168 111.
336 1136 364 1167 nr
378 1133 517 1167 truncamus
532 1131 696 1166 nnrnuarrours
711 1131 819 1164 nououun
835 1131 1066 1167 recursusrreouun
1081 1134 1124 1168 nou
1216 1115 1217 1168 l

613 1210 669 1244 urar
684 1211 769 1243 roera.

252 1327 1152 1404 lll.Sialienatiolegitimiscausisetsolemnitatibusfaeta

219 1420 323 1499 fuerit,
338 1422 528 1485 transfertur
541 1423 586 1482 rei
601 1422 791 1495 dominium3
808 1425 932 1484 tantum
942 1425 969 1483 si
984 1443 1026 1486 ex
1040 1429 1152 1506 enpust

220 1517 338 1579 factum
352 1521 503 1595 appareat
516 1517 692 1578 Ecclesiam
706 1517 799 1578 fuisse
816 1517 958 1596 graviter
975 1520 1101 1600 laesam,
1116 1523 1150 1583 ad
1216 1587 1217 1608 χ

219 1612 320 1674 instar
334 1611 525 1691 pupillorum
537 1614 570 1672 et
583 1612 752 1688 minorum,
764 1611 882 1691 gaudet
894 1611 1052 1679 beneficio
1068 1619 1150 1680 reati-
1216 1613 1217 1688 l

219 1708 349 1769 tutionis
364 1707 397 1767 in
411 1707 579 1785 integrum,
596 1705 740 1768 restituto
756 1707 888 1786 emptori
910 1710 1015 1786 prelio
1035 1716 1069 1774 et
1091 1714 1150 1774 aliis
1216 1705 1217 1772 l

220 1802 365 1879 expensis
378 1803 411 1863 in
425 1801 593 1862 utilitatem
607 1801 754 1862 Ecclesia
769 1801 869 1863 factis.
1216 1815 1217 1870 l

259 1897 321 1958 Sed
337 1895 363 1956 si
378 1913 441 1956 non
456 1914 494 1956 ex
511 1895 597 1974 justa
617 1913 723 1972 cansa,
747 1900 778 1956 ot
796 1896 983 1973 posthabitis
1006 1901 1149 1964 solemni·
1216 1889 1217 1950 Ῠ

217 1990 336 2052 tatibus
347 1991 419 2072 jure
433 1990 584 2052 canonico
599 1990 800 2070 prescriptis
812 2009 863 2050 res
873 1991 1024 2056 Ecclesia
1040 1997 1150 2058 fuerint
1216 1981 1217 2052 l

218 2086 374 2162 alienatae,
391 2084 538 2146 alienatio
552 2102 681 2163 prorsus
695 2083 834 2144 invalida
848 2090 879 2145 et
900 2086 1018 2149 nullius
1039 2092 1148 2152 valoris

217 2187 275 2258 est,
292 2187 324 2245 et
337 2183 460 2243 nullum
470 2182 523 2262 jus
536 2182 569 2241 in
583 2182 789 2259 accipientem
798 2182 957 2245 transfert.
971 2188 1147 2253 nocentem
1216 2228 1217 2233 κ

216 2295 342 2355 semper
356 2278 574 2339 consideratur
587 2268 620 2337 in
642 2275 783 2337 favorem
804 2278 964 2357 Ecclesiae,
988 2285 1077 2362 qnod
1096 2302 1146 2364 po·
1216 2306 1217 2313 ¹

214 2375 277 2432 test
299 2371 478 2431 rescindere
502 2373 709 2445 contractum,
732 2374 826 2448 prout
845 2370 905 2431 sibi
928 2373 1116 2438 damnosum
1136 2396 1142 2435 :

216 2466 284 2527 baec
297 2484 372 2527 vero
396 2483 459 2526 non
483 2466 660 2544 procedunt
679 2466 718 2527 de
741 2473 893 2546 emptore,
911 2470 965 2549 qni
987 2489 1141 2553 nunquam

211 2563 318 2640 potest
332 2561 469 2642 allegare
483 2561 660 2623 nullitatem
674 2568 773 2638 actus,
787 2563 818 2622 et
831 2563 904 2624 licet
913 2565 1058 2629 Ecclesia
1071 2566 1144 2628 velit

215 2663 338 2738 emptor
360 2660 545 2734 restituere,
571 2676 635 2719 nou
657 2661 783 2719 tenetur
804 2660 946 2721 Ecclesia
969 2668 1140 2743 acceptare.
1216 2740 1217 2743 Ἴ

214 2759 283 2816 Non
298 2772 388 2815 secus
409 2773 448 2815 ac
469 2753 578 2834 pnpilli
601 2756 633 2815 et
655 2754 793 2816 minores
815 2756 882 2817 sine
906 2760 1094 2820 auctoritate
1115 2761 1144 2817 et
1216 2784 1217 2809 i

214 2866 369 2910 consensu
382 2851 522 2910 tutorum
536 2852 668 2927 possunt
682 2852 868 2911 contrahere
890 2852 923 2911 in
947 2870 1042 2915 sunm
1064 2870 1143 2915 com·

214 2945 355 3020 modum,
372 2962 434 3005 non
447 2944 491 3004 ila
504 2944 536 3003 in
550 2962 643 3004 snum
658 2943 886 3023 praejudicinm.
905 2947 969 3008 Sed
988 2950 1016 3009 si
1039 2949 1143 3010 Eccle-

214 3040 268 3101 siae
279 3039 432 3102 damnosa
446 3039 539 3101 luerit
553 3039 711 3117 alienatio,
734 3044 838 3118 potest
855 3041 906 3102 vel
929 3044 1053 3105 actione
1073 3060 1142 3121 per-

214 3136 313 3196 sonali
328 3140 438 3198 contra
451 3136 647 3196 venditorem
657 3135 852 3215 atbaeredes,
864 3140 919 3199 aut
928 3138 1006 3201 reali
1017 3140 1049 3201 in
1064 3155 1139 3213 rem,

214 3232 249 3289 nt
262 3231 312 3291 vel
325 3232 365 3291 ab
381 3231 432 3293 illo
447 3235 668 3309 compensetur
681 3232 731 3292 vel
746 3233 785 3293 ab
800 3234 860 3295 boc
880 3252 947 3296 rem
969 3253 1060 3297 suam
1078 3234 1140 3297 vin·
1216 3288 1217 3313 ,

214 3322 298 3385 dicet
311 3329 343 3387 et
355 3331 530 3405 recuperet.
1216 3314 1217 3333 i

254 3421 403 3485 Ouaerunt
425 3426 570 3487 doctores
592 3446 634 3489 an
657 3428 695 3489 iis
720 3430 753 3488 in
783 3429 859 3491 locis
887 3430 941 3492 nbi
962 3428 1136 3493 constitutio

216 3509 303 3565 Pauli
316 3512 354 3583 ΙΙ,
371 3524 497 3591 recepta
511 3540 574 3582 non
590 3530 647 3595 est,
664 3527 785 3587 caeteris
800 3528 943 3605 servatio,
959 3529 1016 3590 sad
1030 3529 1139 3590 omissa
