2442 4125
354 348 393 393 ua
414 348 542 395 ossuoro
562 350 645 395 rurus
667 350 823 398 annornm.
994 340 1050 400 271

120 494 244 569 derant,
262 495 294 555 et
307 491 351 571 ita
365 492 503 553 officium
517 491 658 554 divinum
678 493 808 573 singulis
826 478 917 555 anuis
935 496 1054 575 persol-

120 591 261 651 vendum
275 606 337 650 uno
351 589 417 649 iota
435 589 598 649 ooulorum
616 595 784 669 appareret
804 609 861 669 pro
882 591 1053 653 directione

120 703 284 748 sacrarum
297 686 566 761 caeremoniarum,
586 686 646 746 hoe
659 687 790 753 artifieio
805 704 862 747 usa
876 689 924 748 est
943 707 951 749 :

163 784 291 860 Septem
305 781 462 859 prioribus
476 780 586 842 litteris
600 782 761 861 alphabeti
775 782 864 843 latini
878 783 1055 863 designavit

120 881 243 958 septem
261 877 329 937 dias
350 876 557 937 hebdomadae
579 877 797 938 ecclesiastieae
818 894 935 957 easque
956 896 1053 956 prope

54 1042 60 1049 ,
121 974 262 1056 singulos
291 972 357 1033 dies
385 973 458 1033 anni
482 972 581 1033 civilis
609 973 670 1035 hoo
697 972 808 1033 ordine
836 973 1053 1052 disposuitzll

121 1069 266 1149 margine
280 1068 372 1148 primi
388 1067 450 1128 diei
461 1067 599 1147 januarii
613 1068 734 1129 notavit
742 1067 878 1129 litteram
888 1070 926 1130 Α.
937 1070 963 1128 Α
974 1086 1054 1129 mar·

120 1167 195 1247 gine
210 1165 340 1226 seeundi
354 1161 415 1224 diei
431 1164 550 1225 notavit
563 1162 700 1224 litteram
715 1164 761 1237 B;
782 1164 955 1244 amargine
970 1163 1053 1227 tertii

119 1263 259 1325 litteram
273 1262 334 1321 G...
352 1278 371 1319 a
385 1259 525 1337 margine
540 1258 666 1335 septimi
679 1258 743 1318 diei
756 1258 894 1320 litteram
913 1262 949 1322 G.
973 1261 1055 1321 Con·

120 1356 285 1418 summatis
306 1356 351 1416 ita
373 1360 492 1434 septem
517 1352 648 1428 libaria,
670 1360 792 1430 septem
810 1354 922 1415 diebus
944 1355 1053 1433 primae

121 1450 330 1513 hebdomada
346 1448 477 1510 alteram
492 1452 523 1509 et
537 1450 704 1526 sequentes
715 1448 930 1511 hebdomadas
941 1451 1055 1511 eodem

120 1547 217 1608 modo
232 1544 504 1623 contradistinguit
518 1544 619 1605 donee
632 1544 858 1605 consummatis
877 1548 916 1605 52
931 1545 1053 1605 hebdo-

120 1642 224 1704 madis
238 1640 384 1702 videlieet
397 1644 455 1702 364
471 1640 591 1716 diebus,
608 1639 693 1700 diem
707 1640 782 1700 anni
791 1645 986 1716 postremum
1000 1641 1054 1719 qui

119 1739 265 1817 superest
276 1740 427 1816 tanquam
441 1735 564 1798 initium
578 1735 740 1814 sequentis
759 1732 980 1810 hebdomadae,
998 1752 1054 1795 uo-

122 1835 170 1894 lat
183 1830 288 1891 littera
302 1832 339 1891 A.

162 1928 310 1989 Jamvero
325 1941 397 1986 oum
411 1924 450 1984 de
466 1926 585 2000 septem
598 1922 631 1982 in
646 1926 767 2000 septem
782 1922 848 1982 dies
870 1922 991 1982 eadem
1003 1922 1055 1983 lit-

122 2026 199 2085 terae
213 2023 409 2100 repetantur,
422 2018 529 2081 littera
542 2035 612 2097 quae
628 2015 773 2096 designat
786 2034 882 2077 unam
896 2016 1009 2076 seriem
1022 2018 1055 2076 in

123 2137 188 2180 una
201 2116 360 2196 categoria
374 2116 518 2195 designat
535 2114 568 2174 in
583 2114 740 2189 omnibus,
757 2131 827 2192 quae
842 2113 987 2191 designat
1001 2113 1055 2172 do.-

121 2213 270 2274 minieam
283 2212 315 2271 in
330 2211 431 2289 primo
447 2211 623 2290 septenario
643 2209 788 2287 designat
809 2209 842 2268 in
861 2208 983 2268 eaeteris
996 2226 1054 2287 pro

121 2311 188 2368 toto
204 2323 297 2367 anno.
314 2307 361 2367 lta
376 2323 423 2365 ex.
441 2323 471 2382 g.
490 2321 591 2364 annus
605 2321 744 2380 praeseus
759 2305 837 2364 1858
851 2301 947 2379 ooepit
965 2320 985 2362 a
1004 2302 1055 2363 die

122 2401 247 2463 veneris
262 2420 281 2461 a
295 2400 373 2460 feria
387 2416 437 2472 v1;
454 2417 529 2479 ergo
545 2400 571 2458 Α
587 2398 766 2478 designabit
778 2415 889 2458 omnes
907 2397 1001 2458 ferias
1022 2415 1055 2459 vr

122 2497 286 2577 praesentis
301 2496 386 2568 anni,
411 2496 447 2571 B,
471 2495 576 2555 omnia
598 2494 750 2567 sabbata;
767 2497 805 2570 G,
823 2511 932 2554 omues
955 2494 1057 2554 domi-

122 2595 220 2654 nicas.
239 2594 312 2653 Haeo
327 2590 431 2653 littera
445 2607 514 2668 quae
530 2591 633 2668 signat
652 2589 824 2649 dominicas
847 2588 921 2648 anni
942 2588 1057 2651 dieitur

122 2687 314 2749 dominicalis.
344 2685 463 2747 Desinit
488 2690 594 2744 autem
614 2702 715 2767 annus
736 2701 808 2742 oum
826 2682 931 2742 littera
950 2685 977 2742 A
1000 2702 1055 2742 seu

122 2800 196 2845 eum
211 2780 322 2842 eadem
336 2781 415 2842 feria
429 2797 461 2842 u
476 2797 545 2858 quae
557 2778 705 2855 inooepit;
723 2795 800 2854 ergo
811 2793 1056 2855 sequensannus

122 2877 252 2955 incipiet
275 2895 294 2938 a
317 2877 467 2951 sabbato,
489 2874 622 2953 proinde
640 2873 783 2952 sequenti
801 2890 883 2933 anno
903 2872 1007 2932 littera
1030 2874 1056 2932 A

122 2971 275 3033 indicabit
299 2972 483 3043 sabbatum
511 2971 616 3030 littera
635 2968 829 3030 dominicalis
844 2967 904 3027 erit
923 2967 959 3026 B.
985 2967 1057 3026 Pari

124 3068 220 3129 modo
235 3086 308 3128 oum
322 3085 423 3128 annus
438 3067 560 3128 desinat
578 3065 609 3124 in
629 3082 700 3124 eam
718 3063 829 3123 feriam
848 3081 868 3123 a
886 3080 949 3142 qua
969 3061 1058 3123 duxit

125 3159 310 3235 exordium,
349 3176 484 3239 sequens
512 3171 614 3218 annus
645 3155 767 3216 desinet
793 3154 844 3233 die
874 3154 997 3215 sabbati
1026 3157 1058 3215 et

124 3261 294 3336 propterea
307 3257 334 3317 A
349 3255 408 3315 erit
421 3255 525 3316 littera
541 3251 738 3313 dominicalis
757 3252 830 3311 anni
846 3253 933 3313 1860.

167 3354 235 3414 Uno
259 3351 355 3412 verbo
376 3351 403 3410 si
424 3367 532 3410 omnes
556 3349 630 3408 anni
659 3350 839 3409 constarent
864 3349 921 3408 365
946 3347 1057 3408 diebus

125 3448 274 3510 videlieet
288 3465 350 3510 uno
364 3451 488 3518 tantum
501 3446 552 3506 die
567 3447 684 3522 praeter
696 3447 735 3505 52
756 3443 972 3505 hebdomadas
986 3459 1057 3502 eum

127 3543 259 3622 singulis
286 3543 376 3604 annis
399 3541 510 3602 eadam
533 3541 637 3602 littera
659 3543 684 3601 A
705 3539 943 3618 eonduplieatur
956 3536 1058 3617 desig·
