2442 4125
352 361 390 404 nn
412 360 540 408 onrncro
560 363 644 408 runis
665 364 820 410 cunonrcr.
993 358 1048 416 rer

115 506 254 569 mationa
282 505 483 583 matrimonii,
514 507 553 569 ob
578 526 674 587 quam
701 511 852 591 conjuges
880 514 959 575 fiant
985 533 1050 583 nne

115 620 209 678 caro,
234 602 270 663 iit
291 607 326 663 ut
347 602 415 663 haec
436 606 541 663 autem
561 622 624 665 una
644 624 717 668 caro
739 608 838 685 possit
856 609 1048 672 considerari

115 698 212 758 etiam
231 698 263 757 iu
281 697 394 777 copula
416 697 522 760 illicite
546 699 632 778 (nam
654 702 709 780 qui
729 702 871 763 adhaeret
891 707 1048 767 meretrici

115 814 215 855 unum
231 813 345 874 corpus
367 815 439 857 cum
460 796 514 857 ille
535 797 700 877 efficitur);
723 801 750 859 si
764 818 827 861 non
840 801 921 880 pari,
938 802 1050 864 saltem

84 911 86 916 ·
113 888 208 950 simili
235 890 342 965 modo,
379 891 482 951 visum
510 895 557 953 est
591 898 834 971 cognoscentem
861 897 1047 957 contrahere

114 985 285 1065 quamdam
296 986 561 1065 propinquitatem
571 1006 643 1049 oum
653 989 894 1070 consangnineis
906 992 1048 1052 mulieris

114 1082 261 1162 cognitae,
279 1087 311 1143 ct
324 1082 392 1143 vice
407 1102 510 1145 versa.

155 1181 303 1251 Quamvis
317 1199 392 1260 ergo
406 1199 445 1241 ex
458 1181 519 1241 hoo
534 1182 713 1257 concubitu,
726 1199 784 1242 nec
794 1182 900 1243 uxoris
910 1202 970 1245 nec
980 1203 1049 1245 me-

114 1274 166 1336 riti
177 1292 303 1352 nomen,
314 1294 371 1337 nec
382 1279 495 1352 soceri,
508 1296 566 1338 neo
578 1296 687 1353 nurus,
700 1293 758 1337 nec
763 1278 882 1356 generi,
891 1279 1047 1356 necsocri,

114 1391 174 1434 nec
194 1372 315 1448 leniris,
340 1392 399 1434 uec
420 1373 517 1453 gloris
546 1392 583 1434 ac
608 1378 856 1452 consequentur,
883 1393 941 1435 uec
968 1375 1050 1438 adsit

113 1486 204 1530 amor
218 1467 391 1548 conjugalis
406 1488 464 1530 nec
480 1468 673 1549 conjugium,
692 1471 801 1540 ,tamen
821 1470 982 1531 honestati
999 1490 1049 1531 re-

114 1582 257 1645 pugnare
285 1565 418 1642 videtur,
448 1572 484 1626 ut
507 1552 564 1646 ¹qui
587 1585 645 1644 per
671 1564 792 1646 copulae
821 1565 1049 1642 perfectionem

113 1678 213 1721 unum
234 1658 335 1720 factus
358 1660 398 1720 sit
421 1678 493 1720 cum
515 1660 591 1734 filia,
617 1658 690 1719 inde
714 1657 950 1719 matrimonium
974 1676 1050 1720 con-

112 1754 220 1816 trahat
234 1773 305 1815 eum
320 1756 430 1831 matre,
448 1755 492 1816 ita
507 1758 617 1833 aperto
632 1754 719 1815 aditu
735 1753 934 1815 confidentia
956 1756 1049 1815 mari-

113 1850 186 1911 talis
206 1850 288 1912 inter
309 1868 363 1911 eos
381 1851 463 1911 inter
486 1868 584 1931 quos,
618 1850 720 1929 posito
742 1850 827 1913 facto
855 1852 1050 1912 verecundia

114 1947 262 2028 quaedam
275 1946 425 2008 naturalis
438 1948 483 2007 illi
498 1946 629 2009 deberet
642 1946 764 2007 obesse.
781 1949 823 2008 At
837 1950 923 2008 certo
937 1948 1048 2029 isthaec
1084 1958 1087 1964 '

114 2042 341 2122 propinquitaS,
359 2062 397 2104 ex
409 2042 667 2122 interpretatione
681 2041 785 2121 potius
796 2041 877 2122 juris
897 2062 994 2121 quam
1008 2064 1048 2105 ex

114 2153 149 2196 se
164 2137 243 2210 orta,
260 2151 322 2195 non
337 2136 461 2212 poterat
475 2131 701 2213 propinquitati
715 2149 800 2193 verae
811 2131 972 2194 affinitatis
983 2151 1050 2194 om-

115 2229 189 2290 nino
205 2230 405 2309 aequiparari.

156 2325 245 2388 Unde
269 2325 405 2386 affinitas
429 2324 491 2386 dici
506 2327 610 2403 potest
629 2324 838 2406 propinquitas
858 2342 1050 2405 perrenorum

115 2441 153 2483 eo
163 2421 294 2501 perfecte
317 2421 419 2502 copulo
441 2420 606 2501 procedens,
629 2440 752 2503 qouque
772 2421 957 2483 contrahitur
971 2423 1050 2484 inter

114 2523 327 2595 coquoscentcm
361 2523 389 2576 et
421 2515 544 2596 copoitoe
578 2517 813 2596 consenquineoc,
848 2525 877 2577 ct
909 2517 1046 2579 vicissim.

116 2613 224 2692 iirgo:

158 2709 188 2768 1ο
203 2707 258 2770 Vir
272 2712 304 2767 et
317 2705 448 2767 foemina
461 2723 524 2766 non
547 2709 621 2768 sunt
640 2706 761 2782 affines,
784 2706 840 2766 sed
861 2707 1049 2784 principium

117 2808 148 2862 et
162 2803 253 2881 quasi
267 2801 362 2880 stipes
382 2820 401 2861 a
420 2820 481 2880 quo
506 2800 666 2862 affinitatis
688 2802 807 2880 gradus
831 2807 1046 2860 numerantur.

156 2900 188 2957 2⁰
203 2897 404 2959 contrahitur
418 2897 458 2958 ab
473 2915 536 2957 uno
556 2914 628 2958 oum
647 2896 775 2957 alterius
794 2896 1046 2975 consanguineis.

157 2993 189 3052 3⁰
204 2994 271 3064 Quo
285 2991 387 3072 gradu
402 2998 474 3053 sunt
488 2991 616 3054 alterius
626 2991 862 3072 consanguinei,
878 2994 952 3054 sunt
974 2992 1049 3052 alte-

116 3089 181 3149 rius
194 3088 316 3149 affines

156 3183 411 3245 4⁰1ntersffines
433 3188 465 3246 et
482 3183 593 3246 affines
613 3183 695 3245 inter
716 3201 795 3262 quos
816 3183 902 3244 nulla
924 3185 1046 3264 copula,

116 3279 203 3339 nulla
217 3279 364 3340 affinitas.

155 3379 189 3436 5⁰
208 3375 269 3438 Ubi
290 3375 403 3454 copula
423 3378 454 3438 et
474 3375 602 3455 quidem
623 3375 762 3455 perfecta
784 3393 848 3437 non
869 3377 1047 3454 intercedit,
1075 3462 1076 3465 Ἴ

115 3489 175 3532 nec
190 3471 337 3532 affinitas.

156 3566 238 3628 Olim
264 3565 399 3628 multum
412 3566 660 3646 protendebatur
677 3566 850 3647 prohibitio
866 3570 1047 3648 nuptiarum
