2442 4125
350 349 388 392 nn
409 349 539 395 caruero
559 351 642 397 roms
664 351 820 398 oruomcr.
995 345 1051 403 189

107 494 210 556 debet
229 491 280 554 vel
300 493 409 554 votum
428 501 578 574 perpetue
598 495 750 558 castitatis
769 497 925 577 emittere,
947 499 998 562 vel
1019 503 1051 562 in

104 588 304 652 monasterio
319 592 473 668 perpetuo
487 592 688 653 commorari.

154 687 229 746 Haec
243 688 349 747 servat
366 685 507 746 Ecclesia
521 687 630 749 latina.
648 689 748 750 Graeci
767 690 936 754 admittunt
955 692 1051 754 indis·

106 780 302 842 criminatim
318 781 359 842 ad
374 781 501 842 ordinas
515 783 654 846 minores
667 784 864 866 conjugatos,
874 786 912 846 iis
926 789 1052 865 permit-

106 882 184 941 tunt
199 895 292 939 nsum
306 895 440 940 uxorum
454 881 486 940 et
499 879 636 958 nuptias,
653 880 781 943 exclusa
793 882 943 962 bigamia.

154 977 196 1036 At
216 975 354 1037 severior
375 978 422 1036 cst
441 975 589 1038 Ecclesiae
612 977 778 1057 disciplina
799 979 904 1059 quoad
925 979 1053 1042 ordines

110 1069 253 1150 majores
275 1073 306 1132 et
324 1088 441 1147 sacros,
462 1089 534 1132 cum
555 1072 577 1132 ii
596 1073 659 1134 siut
677 1073 731 1152 qui
751 1074 879 1136 firmant
898 1079 1052 1154 perpetuo

111 1168 232 1226 statum
248 1164 436 1241 clericalem,
452 1164 497 1225 ita
510 1168 545 1226 ιιι
559 1182 622 1225 non
641 1166 736 1228 liceat
748 1167 883 1246 amplius
897 1168 938 1229 ad
952 1185 1053 1231 sarcu-

110 1259 195 1320 laria
209 1263 283 1321 vota
305 1260 420 1338 redire,
446 1260 517 1322 etii
538 1261 601 1323 sint
620 1262 673 1340 qui
692 1262 821 1341 propius
840 1263 982 1326 homines
996 1285 1054 1344 ap·

111 1355 295 1436 proximant
309 1357 349 1418 ad
365 1357 471 1418 diviua
485 1359 648 1436 mysteria.

155 1454 265 1532 ltaque
286 1458 441 1532 perpetua
461 1455 492 1513 et
512 1453 680 1515 universali
703 1455 869 1537 disciplina
888 1461 1052 1536 receptum

112 1553 165 1610 est
179 1548 211 1607 in
225 1549 375 1624 Ecclesia,
391 1547 472 1610 utin
487 1549 584 1610 sacris
599 1550 762 1611 ordinibus
777 1551 908 1612 initiatis
921 1551 1054 1613 interdi-

113 1647 263 1706 cerentur
283 1644 401 1722 nuptiae
420 1665 427 1706 :
445 1662 515 1724 quae
536 1643 706 1723 prohibitio
730 1647 763 1706 in
786 1645 926 1708 Ecclesia
947 1665 1053 1728 graeca

113 1740 356 1819 comprehendit
371 1740 544 1819 episcopos,
561 1742 765 1819 presbyteros
779 1745 811 1804 et
826 1741 996 1817 diaconos;
1020 1743 1053 1803 in

112 1835 258 1898 Ecclesia
270 1836 368 1898 latina
381 1855 456 1898 vero
471 1836 603 1899 includit
616 1839 712 1899 etiam
725 1839 957 1913 subdiaconos;
978 1857 1054 1900 nam

114 1932 283 1994 bisuntin
297 1932 469 2013 majoribus
484 1935 515 1994 et
532 1935 630 1994 sacris
648 1951 747 2011 penes
764 1935 889 1996 latinos.
906 1936 973 1995 lmo
987 1941 1054 1996 tam

113 2028 210 2087 cauta
223 2025 293 2103 fuit,
311 2025 370 2088 hac
388 2025 421 2086 in
440 2043 485 2104 re,
502 2023 644 2086 Ecclesia
656 2025 755 2086 latina
771 2028 808 2087 ut
824 2025 961 2087 voluerit
979 2025 1054 2087 sub·

113 2124 267 2185 diaconos
281 2126 354 2185 anto
370 2121 600 2184 ordinationem
616 2120 758 2181 emittere
768 2122 877 2181 votnm
891 2125 1052 2197 perpetua

113 2219 278 2297 cast'tatis,
296 2226 330 2281 ut
345 2220 389 2281 sic
403 2218 504 2300 magis
518 2216 886 2279 clericimoncrenturde
896 2216 1053 2277 servanda

114 2314 271 2377 castitate.

155 2415 197 2475 at
217 2412 269 2472 hic
290 2410 442 2492 quaeritur
460 2429 500 2473 an
515 2411 584 2473 haec
597 2410 648 2472 lex
662 2428 733 2492 quae
752 2409 913 2472 interdixit
933 2409 1053 2472 clericis

114 2506 289 2587 majoribus
311 2507 556 2584 matrimonium,
582 2507 676 2570 luerit
695 2526 782 2569 mere
805 2507 978 2589 prohibens
999 2510 1054 2568 aut

115 2603 212 2667 etiam
227 2604 378 2665 irritans?

158 2700 248 2771 Quod
268 2702 389 2779 spectat
407 2698 447 2759 ad
466 2699 641 2761 Ecclesiam
654 2699 892 2773 occidentalem,
908 2696 1020 2755 saltem
1035 2713 1054 2755 a

115 2796 232 2859 saeculo
256 2812 312 2873 ιιι,
339 2794 397 2856 sub
419 2795 530 2857 concil.
555 2798 702 2856 Lataran.
734 2798 777 2870 ι’,
803 2797 889 2853 certo
913 2791 981 2851 haec
1004 2791 1054 2851 lex

116 2893 287 2954 constituta
307 2895 354 2953 est
374 2893 458 2953 velut
473 2890 610 2952 irritans.
629 2891 690 2953 Sed
706 2888 815 2969 primis
833 2886 981 2948 Ecclesia
996 2905 1054 2948 sac-

49 3002 52 3009 '
116 2989 206 3065 culis,
224 2990 327 3066 potius
346 2988 517 3067 prohibens
536 3004 633 3067 quam
652 2987 777 3047 irritans
797 2982 906 3044 habita
919 2987 976 3043 est.
993 2984 1055 3043 Dc·

116 3084 318 3163 ponebantur
350 3083 434 3143 enim
473 3084 527 3162 qui
565 3086 637 3160 post
668 3099 792 3142 sacram
824 3078 1055 3141 ordinationem

117 3198 250 3241 uxorem
264 3179 436 3256 duxissent,
454 3179 494 3241 ab
510 3178 613 3240 officio
631 3178 780 3254 clericali,
797 3176 852 3238 sed
872 3194 935 3237 non
953 3176 1056 3237 solve-

116 3277 234 3339 bantur
247 3294 267 3337 a
282 3274 440 3357 conjugio.

156 3370 238 3448 Dixi,
264 3370 376 3431 saltem
399 3388 419 3429 a
441 3368 557 3431 saeculo
581 3384 646 3441 xn3
673 3384 748 3427 nam
775 3365 917 3428 nonnulli
943 3368 1056 3445 putant

113 3464 237 3549 jamdiu
252 3484 271 3527 a
286 3466 401 3527 saeculc
418 3481 461 3542 ιι,
478 3465 623 3527 habitum
636 3463 731 3525 luisse
746 3464 832 3525 velut
850 3462 974 3525 irritum
987 3478 1056 3520 ma-

115 3562 299 3623 trimonium
314 3564 511 3625 contractum
525 3580 545 3623 a
559 3560 681 3623 clericis
695 3560 879 3641 majoribua

903 3654 913 3703 l
922 3651 948 3703 ι’
