2442 4125
314 367 352 411 un
374 365 502 412 timuero
522 367 604 412 rums
627 365 783 412 cenoman.
957 355 1012 415 tea

117 517 150 575 1⁰
165 513 250 574 inter
262 511 486 592 suscipientem
501 514 532 574 et
549 511 754 592 baptizatum,
770 529 828 572 seu
844 513 1014 574 conflrma-

50 613 156 685 tum‚
173 608 304 689 ejusque
318 611 443 688 patrem
453 611 485 668 et
498 611 643 669 matrem.

115 704 439 765 2⁰1nterministrum
454 704 667 783 baptizantem
685 710 742 766 eut
758 705 1011 782 confirmantem,

54 804 108 861 et
130 800 327 878 baptizatum
350 801 401 861 vel
425 801 655 876 confirmatum,
681 800 814 880 ejusque
836 806 960 881 patrem
982 809 1014 863 et

55 897 224 955 matrem.
670 916 692 954 ο

116 988 270 1069 cognatio
291 989 440 1068 baptizati
462 1006 534 1052 cum
554 989 755 1068 baptizante,
780 988 920 1066 patrino,
945 1007 1015 1051 ma·

56 1085 172 1159 trina,
188 1084 304 1145 dicitur
317 1085 501 1164 paternitas,
517 1084 627 1146 filiatio
643 1085 825 1164 spiritualis.

116 1181 270 1261 cognatio
290 1181 490 1261 baptizantis,
515 1181 643 1260 patrini,
663 1181 818 1257 matrina,
839 1187 1014 1261 compater·

60 1277 160 1339 nitas
174 1277 224 1338 vel
243 1277 510 1340 commaternitas.
527 1278 573 1338 Ex
594 1277 728 1338 concilio
746 1278 929 1341 Tridentino
948 1279 1014 1340 sui-

59 1371 144 1434 ficit
158 1389 239 1432 unus
253 1372 303 1432 vel
318 1389 392 1447 nna,
406 1372 447 1433 ad
461 1389 621 1433 summum
635 1389 716 1433 unus
729 1389 802 1434 cum
816 1391 890 1436 una.

116 1469 270 1549 Cognatiu
292 1468 392 1549 legalia
413 1472 461 1531 est
481 1489 488 1529 :
512 1487 721 1548 personarum
738 1470 957 1550 propinquitas
974 1489 1013 1532 ex

63 1566 220 1646 legitima
233 1565 413 1645 adoptione.
430 1566 587 1638 Quaeritur
602 1583 643 1626 an
665 1583 704 1626 ex
722 1566 790 1626 sola
803 1564 945 1643 perfecta
957 1583 1013 1626 seu

65 1662 279 1742 arrogatione
302 1665 432 1739 oriatur,
457 1680 499 1722 an
527 1662 622 1724 etiam
649 1679 688 1723 ex
712 1659 900 1741 imperfecta
922 1659 1013 1740 (Vide

67 1756 198 1819 Bened.
216 1758 296 1832 XIV,
312 1756 334 1818 l.
350 1755 417 1834 lx).

119 1855 195 1914 Haec
214 1853 358 1934 cognatio
378 1853 493 1915 dicitur
513 1873 520 1914 :
541 1852 725 1932 paternitas,
741 1853 932 1930 natarum,
947 1853 1015 1916 affl-

119 2045 296 2109 Paternitas
310 2048 358 2108 est
371 2044 453 2107 inter
466 2044 672 2125 adpetentem
682 2044 714 2103 et
726 2043 924 2123 adoptatum,
933 2045 1015 2125 ejus·
1038 2088 1043 2097 ,

75 2160 142 2223 que
163 2142 400 2203 descendentes.
420 2142 561 2203 Sanchez
584 2145 616 2201 et
636 2139 742 2218 plures
763 2139 943 2202 existimant
963 2158 1015 2202 eo·

76 2237 263 2319 gnaticnem
277 2238 358 2299 hanc
374 2242 405 2299 et
418 2236 681 2316 impedimentum
695 2254 734 2295 ex
748 2253 787 2295 ea
799 2236 960 2315 profluens
973 2236 1015 2297 ed

77 2336 217 2415 primum
230 2334 365 2413 gradum
378 2334 515 2410 extendi,
534 2336 565 2395 at
585 2333 627 2394 ad
646 2350 700 2393 eos
719 2350 829 2394 omnes
848 2332 902 2413 qui
915 2334 1015 2415 adop·

78 2432 174 2493 tionis
200 2435 342 2510 tempore
365 2431 424 2491 sub
451 2433 605 2509 potestate
633 2430 775 2511 adoptati
801 2431 1012 2510 reperiuntur.

81 2530 124 2589 Er
147 2543 192 2588 o:

122 2546 153 2679 18⁰
168 2621 237 2681 Non
255 2617 378 2679 excedit
395 2616 533 2695 primum
550 2618 697 2695 gradum,
714 2616 770 2678 sed
787 2620 1016 2696 consequenter

83 2716 261 2777 extenditur
275 2715 315 2775 ad
330 2713 418 2775 alios.
436 2712 560 2773 Dirimit

121 2818 153 2874 2⁰
166 2814 252 2875 Inter
266 2812 472 2889 adoptantem
487 2812 518 2871 et
530 2809 628 2870 filiam
641 2809 714 2870 filiae
728 2808 897 2888 adoptivae,

121 2911 152 2969 3⁰
167 2908 379 2987 Adoptantem
400 2909 432 2967 et
451 2906 548 2966 filiam
570 2905 767 2986 illegitimam
789 2904 930 2983 adoptati
952 2922 1015 2966 non

84 3002 207 3081 attingit
221 3002 404 3079 paternitas.

122 3096 184 3159 Sed
199 3097 341 3157 nonnulli
355 3095 543 3174 protrahunt
555 3095 596 3155 ad
609 3094 783 3165 inlinitum3
800 3090 853 3151 ulii
867 3091 907 3153 ad
924 3110 1016 3171 quar-

82 3198 149 3256 tum
163 3192 299 3272 madum
311 3191 476 3253 inclusive.
488 3191 680 3253 Fraternitaa
690 3187 894 3268 estcognatio
906 3187 1017 3267 legalis

84 3289 162 3349 inter
190 3287 406 3359 collaterales3
436 3284 518 3347 inter
549 3283 663 3344 fratres
689 3289 722 3342 et
748 3298 872 3342 sorores
900 3280 1017 3342 dirimit

85 3385 224 3465 quandiu
245 3384 340 3445 durat
359 3382 499 3461 adoptio.
524 3381 656 3443 Nomine
677 3379 816 3441 filiorum
837 3378 1017 3460 adoptantis

87 3484 213 3545 veniunt
233 3480 376 3562 legitimi.
394 3479 463 3541 Filii
484 3478 638 3558 illegitimi
660 3496 723 3540 non
744 3481 817 3541 sunt
836 3478 895 3539 sub
918 3475 1017 3557 patris

88 3582 251 3657 potestate.
