2442 4125
171 273 232 332 318
382 275 715 327 1nsr1ror10nesrun1s
738 273 892 320 ctuoblcl.

171 433 246 494 dem
259 429 414 491 charitate
427 422 741 486 communicaverunt
764 419 869 500 quoad
888 419 1042 497 vixerint,
1061 439 1117 482 ea-

170 529 244 588 dem
265 523 419 586 charitate
434 521 585 582 uniuntur
598 518 632 578 in
650 517 833 579 societatem
847 515 979 577 illorum
995 517 1115 579 animae

170 623 248 684 dum
261 623 394 682 mortuae
410 617 537 692 tuerint,
554 614 599 675 ita
612 612 645 674 in
659 630 758 674 unum
775 613 879 674 locum
899 600 993 692 quasi
1010 614 1049 674 in
1064 632 1117 674 so-

170 719 317 780 cietatem
332 720 365 778 et
384 712 638 775 communionem
656 709 781 772 illorum
800 709 950 771 defuncta
974 727 1116 788 corpora

171 810 415 888 congregantur,
438 809 472 867 ut
491 807 618 865 terrena
636 803 762 864 illorum
782 820 951 881 corporum
974 804 1115 864 societas

171 906 212 968 sit
231 900 424 965 continuatio
445 898 603 961 societatis
631 915 727 976 quam
756 897 936 960 babuerunt
950 916 1043 959 eum
1070 900 1115 960 vi-

170 999 285 1076 verint,
301 1000 333 1059 et
347 995 506 1074 expressio
520 993 680 1058 societatis
694 1010 790 1074 quem
804 992 923 1055 babent
937 997 1112 1074 postquam

171 1094 288 1158 mortui
300 1094 384 1153 sunt.

211 1191 287 1248 llaec
302 1191 410 1247 autem
421 1185 493 1246 loca
506 1182 664 1245 communi
680 1179 921 1243 christianorum
936 1181 1113 1258 sepulturae

90 1295 97 1308 '
171 1282 329 1346 destinata
341 1280 466 1343 vocavit
486 1279 649 1340 coemetcria
664 1276 753 1357 quasi
772 1273 971 1336 dormitionis
986 1277 1114 1356 requie-

170 1376 265 1452 toria,
288 1373 350 1434 loca
367 1373 526 1433 communis
548 1372 731 1433 dormitionis
751 1369 870 1449 pariter
883 1371 1065 1432 secundum
1080 1375 1114 1432 fi-

171 1471 223 1534 dei
239 1485 366 1533 sensum
384 1485 446 1547 quo
467 1468 500 1528 in
523 1468 688 1547 scripturis
709 1467 751 1546 (1ยน
772 1465 989 1544 Thessalonic,
1005 1471 1039 1543 4,
1056 1469 1112 1547 8,),

172 1566 292 1629 mortui
303 1565 337 1626 in
352 1564 474 1626 cbristo
489 1569 643 1626 vocantur
656 1563 858 1638 dormientes,
871 1562 926 1640 qui
949 1562 1115 1625 dormiunt

173 1661 419 1742 quodammodo,
436 1660 537 1720 donec
551 1659 702 1737 angelica
716 1656 800 1719 tubae
816 1657 966 1736 clangore
983 1660 1113 1723 excitati

173 1759 214 1821 ad
228 1756 366 1820 tribunal
380 1755 495 1818 Christi
505 1755 622 1835 judicis
637 1772 670 1815 se
685 1754 806 1815 sistent.

214 1852 327 1914 Primis
341 1854 447 1913 autem
468 1851 615 1912 Ecclesia
637 1849 771 1926 saeculis,
793 1849 839 1910 ita
858 1847 1051 1927 jubentibus
1068 1852 1113 1913 le-

172 1950 264 2030 gibus
278 1946 446 2009 duodeeim
460 1946 640 2008 tabularum
660 1962 795 2032 quarum
812 1943 865 2024 jus
878 1942 919 2004 ab
939 1943 1111 2023 imperato.

171 2045 259 2107 ribus
273 2043 411 2106 Adriano
427 2046 459 2105 et
471 2041 675 2123 sequentibus
698 2040 739 2101 ad
762 2057 871 2102 omnes
892 2039 1039 2103 civitates
1055 2042 1113 2105 fuit

172 2147 375 2220 protensum,
404 2142 494 2200 erant
513 2138 584 2199 loca
604 2135 773 2215 sepulturae
798 2142 886 2199 extra
909 2138 1051 2217 moenie,
1074 2140 1111 2200 si-

171 2235 301 2315 quidem
314 2234 563 2297 interdicebatur
577 2232 743 2313 quominus
759 2231 897 2294 cadaver
916 2234 1003 2295 intra
1023 2235 1109 2297 urbis

174 2328 292 2389 moenia
305 2329 515 2407 sepeliretur:
538 2326 725 2391 dicebantur
743 2333 852 2390 autem
865 2330 1018 2407 arenaria,
1036 2330 1107 2411 quia

169 2422 314 2485 solebant
327 2425 474 2485 excavari
489 2424 521 2483 ln
536 2442 645 2499 arena,
670 2429 701 2488 et
722 2428 796 2487 sunt
819 2423 873 2485 ille
895 2427 1105 2489 vetustissime

171 2518 362 2597 coemeteria,
377 2519 411 2581 in
425 2520 540 2603 quibus
553 2524 601 2584 tot
615 2521 747 2583 millium
757 2524 933 2601 martyrum
945 2526 977 2585 et
987 2523 1102 2585 coufes-

169 2634 278 2680 sorum
292 2616 406 2680 Christi
422 2617 562 2698 reliquiae
578 2618 790 2697 requiescunt.

209 2714 291 2775 XIX.
322 2714 386 2776 Sed
412 2731 490 2792 pace
516 2713 665 2777 Ecclesiae
692 2714 851 2791 restituta,
880 2714 996 2777 erectis
1027 2716 1105 2778 inter

169 2810 288 2873 moenia
310 2809 444 2889 publicis
463 2809 615 2887 ecclesiis,
632 2828 689 2889 pro
711 2810 858 2873 llcclesiae
878 2812 1102 2875 consuetudine

169 2905 350 2968 celebrandi
364 2904 507 2967 divinum
525 2905 715 2967 sacrificium
729 2924 824 2987 super
838 2924 911 2969 ossa
928 2910 1103 2988 martyrum

168 3001 258 3065 facile
279 3002 421 3083 reliquiae
445 3004 623 3082 martyrum
635 3002 668 3063 in
683 3003 779 3065 urbes
792 3002 953 3066 transletae
972 3008 1059 3081 sunt,
1076 3008 1103 3067 et
1216 3000 1217 3007 '

168 3098 227 3160 sub
242 3099 384 3161 ecelesiae
399 3097 552 3163 altaribus
572 3099 716 3178 sepultae,
740 3099 791 3162 vel
811 3099 851 3162 od
866 3098 992 3161 illarum
1008 3100 1102 3162 bono-

167 3212 235 3255 rem
249 3215 333 3260 nova
347 3197 466 3276 templa
480 3199 624 3259 extructo
639 3198 723 3258 sunt.

206 3291 266 3351 Pro
280 3292 374 3354 simili
386 3293 509 3355 ratione
520 3295 732 3372 etcorporum
746 3296 929 3355 sanctorum
943 3290 1101 3354 confesso-

166 3399 237 3443 rum
246 3384 599 3461 sepulturainllcclesia
608 3404 759 3450 concessa
769 3388 828 3464 est,
839 3403 909 3467 quae
920 3385 1037 3448 deinde
1045 3403 1098 3465 pro

166 3479 322 3538 tractuest
330 3480 370 3537 ad
378 3484 542 3562 episcopos
551 3485 720 3547 etclerioos
728 3488 858 3547 extensa
866 3485 923 3560 est,
930 3483 1039 3561 prouti
1047 3482 1095 3563 qui
