2442 4125
204 346 261 404 lot
411 354 642 401 1nss1rurronns
663 352 746 397 sums
768 351 925 397 osnouun.

202 500 434 566 eontrabontes.
466 498 527 561 Sed
555 497 588 557 iu
615 495 824 575 sponsalibus,
861 495 900 555 de
935 498 1145 559 matrimonio

202 597 535 661 ineundooonventum
545 592 910 656 estinteroontrabentes
920 610 979 653 seu
990 610 1140 671 sponsos;

203 712 278 774 ergo
298 694 460 773 rooiprooa
481 690 631 770 obligatio
646 693 720 750 nata
735 690 782 749 est
800 687 1011 748 eontrabeudi
1037 688 1144 749 matri-

202 779 444 851 monium.‘Hoo
467 783 714 847 oontroversiam
738 800 801 843 non
825 781 909 857 sinit,
935 799 997 842 neo
1023 781 1144 859 indiget

202 885 310 947 fusiori
334 881 556 945 declaratione.
581 880 690 941 Potius
713 877 811 958 quaeri
835 879 972 956 oportet,
999 881 1139 939 utrum:

243 983 273 1040 l⁰
295 978 408 1041 Statim
427 976 490 1056 peti
514 975 612 1054 possit
633 974 726 1053 hujus
751 972 952 1052 obligationis
985 972 1141 1054 adimple-

203 1072 365 1136 mentum?

241 1174 273 1229 2⁰
296 1167 414 1241 Quibus
437 1168 549 1230 mediis
571 1166 670 1247 possit
694 1165 753 1227 boo
778 1162 1070 1243 adimplementum
1092 1182 1140 1224 ur-

202 1265 292 1344 geri?

242 1364 273 1421 3⁰
289 1363 400 1423 Utrum
414 1363 447 1422 et
460 1359 618 1439 quomodo
632 1358 731 1440 possit
743 1358 812 1419 baso
827 1356 979 1436 obligatio
995 1356 1139 1419 cessarat

348 1536 439 1590 Quando
450 1538 527 1593 urgeat
538 1526 643 1591 obligatio
654 1533 795 1579 contrahendi
808 1534 989 1579 matrimonium?

242 1664 308 1722 Hae
331 1662 363 1721 in
385 1680 436 1736 rs,
462 1658 720 1738 distinguendum
743 1661 790 1719 est
813 1656 897 1720 oiroa
920 1658 1059 1719 modum
1082 1679 1138 1740 quo
1210 1656 1211 1717 i

202 1760 363 1817 oontraota
377 1758 449 1815 suut
462 1754 631 1833 sponsalia.
649 1756 727 1813 Nam
742 1752 900 1830 sponsalia
913 1752 990 1812 iniri
1007 1762 1138 1833 possunt

201 1869 279 1929 pure
294 1853 326 1910 st
338 1849 531 1928 simpliciter,
548 1850 598 1910 vel
613 1850 738 1921 adieota
752 1849 802 1910 die
818 1855 872 1910 aut
882 1850 1081 1914 oouditiono.
1210 1846 1211 1937 l

215 1944 218 1951 '
243 1949 273 2006 l⁰
287 1946 333 2005 Ex
346 1943 544 2023 sponsalibus
559 1944 657 2022 puris,
676 1943 715 2003 de
730 1943 834 2022 rigore
846 1941 937 2022 juris,
955 1942 1026 2004 dies
1043 1944 1136 2005 adim·
1210 1938 1211 2010 i

201 2041 324 2123 ploudae
340 2038 539 2118 obligationis
553 2040 660 2101 statim
673 2039 757 2100 cedit
772 2038 912 2116 eivenit,
929 2041 1026 2101 otest
1047 2040 1089 2102 ad
1105 2040 1135 2100 li-

201 2140 303 2202 bitum
330 2137 494 2200 oreditoris
516 2136 593 2196 illud
615 2139 722 2214 petere
745 2135 872 2213 quando
900 2135 1050 2197 voluerit.
1075 2140 1134 2198 Hoo

202 2234 286 2292 enim
313 2237 426 2294 natura
450 2237 498 2294 est
521 2230 661 2292 omnium
684 2233 913 2305 oontraotuum,
940 2228 1060 2308 quibus
1083 2249 1133 2291 neo

202 2323 268 2381 dies
284 2340 341 2382 neo
356 2323 492 2384 oouditio
508 2326 555 2384 est
565 2322 719 2402 apposita,
732 2321 788 2382 sed
798 2339 876 2398 pure
887 2321 1042 2384 oelebrati
1053 2330 1130 2385 suut.

202 2419 320 2476 Verum
346 2418 477 2494 aequitas
505 2419 618 2479 suadet
644 2423 679 2478 ut
704 2417 827 2495 sponsis
854 2417 983 2496 aliquod
1011 2422 1131 2500 tempos

201 2514 337 2593 benigue
351 2514 565 2594 indulgeatur3
589 2534 651 2577 non
674 2516 758 2578 enim
779 2516 842 2576 alia
863 2516 901 2575 da
923 2534 1022 2577 eausa
1044 2537 1131 2599 spou-

200 2611 289 2688 salia,
306 2628 369 2672 non
383 2612 618 2673 matrimonium
633 2616 866 2689 contraxerunt,
883 2613 941 2673 nisi
957 2616 993 2674 ut
1007 2614 1128 2694 aliquod

199 2713 324 2788 tempus
338 2725 395 2786 pro
409 2708 492 2769 bono
508 2714 539 2770 et
553 2726 655 2788 aquo,
677 2714 749 2768 ante
769 2707 1007 2769 matrimonium
1026 2709 1129 2771 ineun-

201 2803 276 2863 dum
289 2800 365 2879 ipsis
380 2801 518 2862 daretur.
535 2803 601 2862 Hoo
616 2803 723 2863 autem
737 2805 861 2880 tempus
872 2800 944 2881 jure
960 2808 1070 2865 nosno
1084 2804 1128 2864 do·
1209 2797 1210 2876 ζ

199 2898 323 2959 finitum
336 2915 400 2958 non
415 2898 472 2973 est,
489 2902 632 2957 remanet
645 2898 740 2976 igitur
754 2897 883 2959 arbitrio
894 2896 1013 2976 judicis
1032 2899 1128 2962 deter-
1209 2883 1210 2960 i

200 2994 395 3055 minandum.
1209 2991 1210 3059 i

217 3106 222 3115 ¹
239 3093 270 3149 2⁰
286 3089 319 3150 Si
334 3089 400 3150 dies
414 3088 612 3168 sponsalibus
627 3087 770 3169 adjeotus
784 3089 834 3166 sit,
851 3087 1027 3151 videndum
1037 3097 1125 3153 estan

200 3184 267 3245 dies
281 3186 423 3264 adjeotus
440 3189 481 3250 sit
502 3188 694 3267 perimenda
714 3188 762 3248 vel
782 3187 992 3266 adimpleudae
1014 3189 1125 3269 obliga-

199 3278 292 3339 tionis
306 3283 416 3357 gratio.
434 3284 506 3344 Dias
521 3283 606 3343 enim
627 3282 721 3364 adjioi
741 3287 846 3361 potest
863 3288 897 3346 ut
917 3285 1071 3345 terminus
1090 3285 1123 3345 ad

201 3392 296 3454 quem
310 3374 439 3439 deliniat
453 3379 618 3458 obligatio;
635 3397 673 3440 ex
693 3398 741 3458 gr.
760 3380 819 3439 nisi
832 3379 914 3441 intra
928 3398 1048 3441 aunum
1066 3399 1121 3440 ma-

198 3471 382 3530 trimonium
402 3477 616 3550 contrabatur,
641 3479 798 3555 sponsalia
819 3477 881 3539 sint
901 3478 1004 3550 uulla;
1029 3481 1120 3556 potest

200 3564 296 3623 etiam
318 3563 413 3641 adjioi
436 3568 471 3625 ut
491 3568 644 3628 terminus
671 3588 691 3628 a
718 3587 780 3648 quo
808 3571 938 3650 inoipiat
965 3572 1117 3652 obligatio,
