2442 4125
332 320 371 365 oe
391 320 520 367 opsecro
540 322 624 368 rums
646 322 803 371 cenonrcr.
992 316 1028 375 9l

89 492 93 496 ·
139 470 176 529 ln
188 464 383 548 professione
397 465 471 525 ortr‘e
484 465 602 527 medm
614 466 665 527 vel
678 467 862 547 chirurpicoe.
881 471 913 533 Si
927 490 1031 535 sermo

95 566 141 627 sit
160 563 200 625 de
223 562 345 624 clericis
366 561 578 642 chirurgicum
601 568 702 623 artem
726 566 961 646 profitentibus,
982 572 1033 632 vel

95 658 274 730 monachis,
288 658 409 719 etiamsi
416 657 508 737 juxta
521 658 608 739 leges
622 658 698 719 artis
712 664 816 737 urant,
829 668 946 741 secent,
958 666 1033 727 inci·

96 756 189 831 dant,
204 754 395 834 irregulares
413 758 497 831 sunt,
514 754 589 834 quia
605 754 644 815 iis
657 755 860 819 interdictum
881 762 1034 839 quamsit

97 870 140 911 ex
149 850 296 910 Ecclesia
311 849 496 925 canonibus,
506 850 573 929 jam
588 850 682 929 eulpa
695 851 835 912 immune
846 870 914 914 esse
925 858 1033 935 nequit

97 945 308 1009 homicidium
326 946 376 1007 vel
395 946 568 1021 mutilatio,
587 945 723 1027 ideoque
742 949 862 1010 ratione
881 951 1029 1013 criminis.

97 1046 143 1105 nt
155 1042 227 1102 laici
244 1042 300 1121 qui
318 1058 444 1101 omnem
463 1039 659 1121 diligentiam
678 1048 815 1121 servant,
833 1048 916 1107 certe
931 1064 970 1107 cx
983 1064 1032 1108 ee·

97 1139 165 1217 pite
178 1136 319 1198 oriminis
333 1154 396 1197 non
409 1140 484 1199 sunt
497 1137 699 1216 irregulares.
716 1140 761 1199 lix
776 1141 837 1203 alio
852 1141 954 1220 capite
969 1160 1033 1205 non

97 1234 236 1295 habetur
249 1237 359 1312 aperta
369 1232 450 1313 juris
464 1233 602 1308 sanctio;
620 1238 757 1296 attamen
772 1238 929 1299 sententia
947 1256 1034 1300 com-

97 1331 204 1391 munis
219 1332 314 1393 estut
327 1330 390 1392 siut
406 1330 608 1408 irregulares.
626 1332 674 1394 Ita
693 1330 806 1412 vulgus
824 1336 1033 1415 pragmatico·

97 1444 181 1488 rum.

139 1526 172 1582 2⁰
185 1516 273 1583 Licet
285 1519 417 1582 secunde
430 1520 540 1601 nuptae
553 1537 616 1581 non
626 1521 689 1582 sint
698 1522 813 1599 vetita,
824 1526 932 1585 tamen
947 1527 1033 1586 exhi-

96 1620 176 1681 bent
197 1617 431 1679 incontinentiae
456 1621 581 1693 notam,
607 1635 667 1679 uec
691 1619 866 1698 exprimere
886 1620 1034 1683 videntur

97 1715 249 1776 unionem
271 1714 385 1776 Christi
399 1730 471 1774 cum
485 1713 627 1775 Ecclesia
640 1732 679 1775 ex
693 1733 731 1777 ea
743 1721 833 1795 parte
853 1734 917 1797 qua
930 1717 1033 1779 Chris·

96 1815 150 1871 tus
170 1809 225 1870 uni
246 1809 394 1871 Ecclesia
416 1810 623 1889 desponsatus
645 1828 716 1871 eam
736 1814 889 1891 perpetuo
911 1812 1030 1892 diliget.

97 1906 184 1985 Ergo
198 1905 231 1964 in
245 1905 394 1966 societate
415 1905 586 1967 christiana
604 1923 666 1966 non
681 1906 800 1967 suntin
815 1908 933 1969 honore
953 1909 1034 1971 siout

96 2002 209 2083 prima
223 2001 352 2080 nuptiae.
368 2002 445 2064 lude
456 2001 496 2063 de
505 2000 641 2081 bigamis
655 2018 719 2063 non
733 2002 916 2065 ordinandis
930 2006 1032 2066 vetus·
1142 2024 1147 2035 ·

97 2100 220 2162 tissima
241 2098 407 2179 disciplina
422 2098 447 2180 (l
468 2098 620 2174 Timoth„
643 2098 703 2160 rit.
729 2101 757 2175 l,
780 2101 923 2180 tiphos).
940 2103 1033 2161 Atax

95 2194 229 2257 rationis
251 2194 404 2257 affinitate
427 2195 496 2256 aliae
520 2194 640 2274 species
661 2194 807 2275 bigamiae
829 2195 902 2256 huic
922 2194 1033 2256 aflines

95 2295 148 2355 vel
170 2294 288 2355 similes
308 2293 445 2356 inductae
467 2301 551 2370 sunt,
568 2297 600 2356 et
610 2293 683 2374 jure
705 2295 855 2356 canonico
877 2297 1029 2375 probata.

98 2391 130 2448 l·
150 2387 235 2466 Vera,
251 2388 378 2468 quando
393 2389 464 2468 quis
478 2388 595 2468 duplex
614 2389 861 2468 matrimonium,
877 2390 950 2454 licet
964 2408 1033 2452 sue·

97 2485 230 2562 cessino,
243 2486 398 2547 contraxit
411 2489 444 2548 et
457 2489 626 2566 utrumque
641 2487 880 2549 consummavit.
894 2491 926 2548 2⁰
936 2485 1034 2547 Inter-

95 2579 246 2660 pretoticu
262 2583 320 2658 est,
336 2580 464 2662 quando
483 2581 555 2661 quis
568 2580 656 2642 ducit
673 2599 805 2642 uxorem
826 2581 955 2643 viduam
970 2583 1000 2642 et
1014 2599 1033 2640 a

96 2696 156 2740 suo
178 2677 291 2739 marito
312 2678 417 2757 priore
438 2676 589 2757 agnitam,
606 2684 638 2738 et
656 2677 790 2757 ipsemet
809 2676 962 2754 agnoscit,
978 2676 1034 2735 aut

96 2775 264 2837 mulierem
278 2774 319 2835 ah
333 2774 394 2835 alio
409 2773 575 2835 fornicarie
594 2776 786 2852 corruptam,
803 2776 858 2833 aut
876 2771 1032 2850 virginem

97 2889 182 2952 quae,
199 2872 369 2949 autequam
386 2887 410 2929 a
429 2869 497 2930 viro
521 2887 578 2930 suo
599 2871 854 2948 cognosceretur,
872 2865 912 2926 ab
933 2864 1032 2926 altero

96 2969 249 3045 corrupta
271 2969 334 3043 est,
350 2969 383 3028 et
402 2965 638 3027 matrimonium
652 2965 685 3024 in
699 2967 834 3042 utroque
857 2979 933 3022 casu
956 2977 1033 3021 eon-

96 3065 248 3139 summat,
265 3068 320 3123 aut
333 3063 359 3123 si
374 3062 444 3142 quis
460 3061 575 3142 duplex
589 3060 695 3121 inierit
708 3057 891 3138 conjugium
913 3063 1034 3119 utrum-

97 3179 161 3243 que
181 3177 221 3220 ex
239 3159 464 3246 impedimento
485 3158 651 3220 dirimente
670 3155 855 3218 invalidum.
872 3159 904 3242 33
917 3153 1034 3217 Simili-

97 3256 262 3332 tudiocria,
279 3257 306 3316 si
320 3256 390 3335 quis
404 3272 494 3316 sacro
516 3255 627 3316 ordine
641 3255 691 3315 vel
707 3254 837 3317 solemni
852 3259 925 3316 voto
940 3253 1034 3316 casti-

96 3353 172 3416 tatis
196 3351 367 3415 obstrictus
390 3351 506 3412 audeat
528 3351 764 3412 matrimonium
792 3351 979 3413 contrahere
1003 3355 1035 3410 et

99 3463 331 3510 consummare.
349 3446 413 3509 Sed
426 3450 503 3509 tunc
516 3446 620 3524 potius
635 3466 673 3508 ex
687 3447 801 3511 delicto
819 3464 914 3527 quam
929 3465 968 3507 ex
981 3443 1034 3504 de·
1111 3475 1116 3486 ·

99 3543 194 3621 lectu,
211 3547 248 3607 nt
261 3542 387 3621 videtis,
403 3543 527 3623 exurgit
540 3543 764 3623 irregularitas.
