2442 4125
345 283 383 328 os
404 281 532 328 ourucro
553 283 637 330 runis
657 283 813 331 cssosrcr.
985 275 1045 334 263

93 430 264 506 illumque
279 426 364 488 velut
377 444 519 488 summus
538 427 686 490 sacerdos
708 428 915 504 conficiebat3
939 433 1045 494 coeteri

97 522 289 585 sacerdotes
304 522 390 582 velut
404 521 559 582 interioris
574 522 691 584 ordinis
706 524 884 587 sacerdotes
898 544 1044 588 unacum

96 620 163 680 illo
179 637 235 698 per
249 619 378 679 modum
393 618 486 678 unius
500 617 594 679 ritum
610 619 821 697 operabantur
832 640 896 684 non
908 609 1045 685 secusne

95 713 205 775 hodie
233 717 376 775 servatur
401 714 433 774 in
470 714 667 776 ordinatione
695 717 961 797 presbyterorum
989 723 1045 780 aut

98 810 330 888 episcoporum
351 810 597 872 consecratione.

150 904 212 966 Sed
227 923 309 966 unus
323 905 455 983 quisque
469 903 554 966 videt
569 907 654 985 quod
669 907 701 966 in
721 911 809 970 tanto
830 907 875 969 rei
891 912 1043 987 apparato

100 1001 300 1080 paucissima
315 1003 404 1062 erant
418 1001 610 1074 essentialia,
626 1021 695 1082 quse
710 1004 855 1066 videlicet
869 1005 919 1066 vel
932 1004 965 1064 iu
979 1023 1042 1066 una

100 1099 299 1162 consistebat
323 1099 559 1162 consecratione
583 1118 601 1160 a
626 1102 790 1164 sacerdote
810 1101 905 1180 laeta,
931 1102 980 1165 vel
1003 1103 1043 1165 ad

101 1209 269 1253 summurn
284 1192 325 1253 ad
339 1191 421 1254 illius
435 1193 690 1253 communionem
704 1211 760 1273 pro
772 1197 958 1258 sacramenti
973 1213 1045 1258 con·

102 1288 319 1351 summationo
348 1287 586 1351 extendebatur.
616 1291 693 1351 Inde
724 1291 791 1369 jam
823 1297 889 1354 tum
917 1293 957 1354 ab
984 1293 1045 1353 illis

101 1385 219 1463 primis
233 1385 355 1446 saeculis
370 1384 497 1462 quando
512 1384 563 1445 ille
585 1390 649 1445 tam
670 1388 857 1466 conspicuus
878 1386 1043 1449 ordinarie

102 1479 329 1542 celebrationis
337 1479 460 1555 modus,
470 1497 532 1540 non
541 1479 674 1545 deerant·
682 1483 928 1546 extraordinaria
938 1501 1044 1545 exem-

101 1578 173 1658 pla,
190 1575 302 1656 quibus
317 1593 335 1635 a
350 1575 481 1655 singulis
494 1577 684 1658 presbyteris
698 1579 825 1657 privatis
839 1579 872 1636 in
882 1577 1042 1656 domibus,

101 1673 161 1735 vel
176 1673 270 1733 eliam
285 1677 358 1732 ente
372 1671 487 1732 lectum
502 1687 576 1733 mox
590 1673 749 1734 morituris
771 1690 893 1735 sacrum
915 1691 1044 1754 perage·

103 1773 212 1833 batur.
229 1768 324 1829 Porro
339 1768 446 1831 isthec
462 1770 605 1848 exempla
621 1770 660 1830 de
674 1769 726 1831 die
746 1771 778 1830 in
799 1769 882 1831 diem
897 1771 1045 1852 multipli-

106 1873 182 1928 cate
196 1865 259 1925 sive
274 1867 309 1926 ut
322 1863 463 1926 fidelium
479 1864 703 1943 commoditati,
727 1865 793 1928 sive
806 1869 843 1928 ut
858 1884 968 1927 eorum
981 1868 1044 1946 pic·

105 1961 167 2025 tati
194 1960 370 2036 satisfieret,
398 1959 550 2021 transiere
575 1961 607 2019 iu
635 1965 862 2040 regulamque
887 1962 1043 2024 ordinario

102 2059 216 2121 liceret
230 2055 359 2136 singulis
375 2054 590 2117 sacerdotibus
605 2055 671 2116 sine
687 2057 761 2118 cleri
780 2056 949 2136 populique
971 2075 1039 2118 conv

101 2157 204 2213 ventu
217 2150 343 2212 Missam
359 2148 533 2220 celebrare,
548 2166 612 2208 nuo
626 2148 766 2211 adhibito
782 2148 975 2211 ministrante
990 2152 1043 2230 qui

103 2243 303 2308 orationibus
319 2248 348 2303 et
363 2241 508 2323 precibus
523 2242 740 2321 responderet.
753 2244 821 2305 Non
831 2246 936 2305 tomen
953 2243 1044 2305 obso-

102 2341 184 2402 levit
207 2338 334 2400 omnino
357 2343 479 2401 vetusta
501 2338 555 2398 illa
577 2337 757 2401 celebrandi
779 2339 962 2420 discipliua;
987 2340 1044 2404 sad

102 2437 193 2501 illius
206 2434 372 2514 vestigium
387 2434 481 2514 paulo
497 2434 712 2498 modificatum
726 2443 822 2500 restat
845 2437 910 2500 sive
923 2439 957 2500 iu
968 2438 1043 2502 blis-

103 2534 153 2595 sis
167 2530 433 2610 quasinaoclesiis
441 2530 672 2593 cathedralibus
680 2532 792 2596 diebus
803 2535 1043 2597 solemnioribus

105 2628 271 2700 celebrant
285 2628 433 2707 episcopi,
450 2628 498 2688 vel
512 2629 544 2688 in
563 2630 666 2689 missis
689 2630 881 2690 solemnibus
908 2648 978 2709 quae
1002 2632 1043 2691 ad

105 2723 192 2786 illius
206 2722 410 2785 imitationem
425 2723 669 2786 celebrantur-in
683 2722 804 2785 caeteris
814 2724 954 2785 ecclesiis
967 2740 1043 2784 oon·

105 2820 318 2896 ventuulibus,
336 2824 367 2881 ct
380 2821 485 2900 aliqua
500 2838 538 2882 ex
553 2823 642 2900 parte
664 2822 758 2882 etiam
778 2820 811 2881 in
830 2819 925 2881 missa
947 2837 1040 2897 quam

105 2918 221 2979 diebus
234 2915 321 2978 testis
334 2916 493 2979 celebrant
507 2916 635 2995 parochi
646 2918 677 2977 in
694 2916 759 2977 suis
769 2916 924 2996 parochiis
934 2931 1039 2976 coram

104 3013 201 3097 plebe
216 3030 292 3085 sua;
309 3030 380 3091 quae
395 3013 752 3093 aliquantutumetipsae
762 3012 899 3075 collectis
911 3012 1042 3075 vetustis

105 3116 239 3189 possunt
253 3109 440 3187 comparari.
456 3110 497 3173 Ut
510 3110 559 3171 ha
574 3111 677 3171 missa
691 3125 762 3187 quae
772 3106 995 3169 solemniorem
1009 3107 1043 3169 in

107 3205 238 3267 modum
258 3205 457 3269 celebrantur
477 3206 518 3267 ab
541 3206 601 3268 illis
622 3201 863 3267 secernerentur
880 3220 952 3284 quse
975 3204 1042 3267 sins

106 3304 168 3365 hac
183 3301 328 3363 exteriori
344 3316 471 3383 pompa,
488 3300 555 3363 sine
574 3300 635 3363 hoo
654 3305 821 3375 conventu,
841 3316 905 3363 uno
919 3302 1041 3361 tantum

105 3396 306 3460 ministrante
321 3396 477 3461 submissa
491 3414 567 3461 voce
582 3396 792 3472 celebrantur,
813 3395 873 3458 illas
897 3395 1042 3476 publice,

108 3496 159 3555 lrae
174 3494 305 3571 private
320 3495 410 3557 dictae
425 3501 510 3557 sunt.
