2442 4125
204 307 263 366 2⁸12
414 312 643 360 1rsr1rurrouas
664 311 748 358 rums
770 311 924 358 curamur.

207 463 311 526 nando
325 462 405 522 duaa
418 460 512 520 ferias
526 457 673 520 videlicet
686 460 877 537 postremam
899 457 1055 519 cadentis
1077 459 1140 518 anui

206 564 237 623 at
255 558 389 638 primam
408 555 586 636 incipientis
605 555 691 630 anni,
714 553 795 615 ordo
816 553 1066 616 succedentium
1083 553 1142 633 pari

204 655 307 734 gradu
329 653 479 714 feriarum
502 653 533 712 et
555 651 750 726 litterarum,
776 650 932 712 constanti
952 651 1090 712 ratione
1107 652 1143 710 ita

204 751 386 812 turbaretur
399 753 434 811 ut
451 741 563 810 litterae
583 747 624 807 de
643 763 726 806 anno
747 746 781 806 in
799 765 919 807 annum
938 747 1144 826 designarent

204 847 299 907 terias
327 844 509 905 immediate
537 846 704 922 sequentes
730 842 800 904 illas
827 862 906 922 quas
931 843 1145 922 designabant

205 959 286 1002 anno
307 938 516 1013 antecedenti,
538 955 593 998 scu
613 937 699 1015 quod
713 935 797 996 idem
817 940 875 1011 est,
895 936 988 998 teriae
1010 935 1092 996 anni
1104 951 1145 993 se

205 1037 328 1115 quentis
348 1034 591 1113 designarentur
612 1032 718 1092 littera
734 1032 924 1094 immediate.
940 1031 1147 1094 antecedenti

202 1133 289 1193 illam
309 1149 373 1211 qna
394 1129 642 1208 designabantur
663 1145 746 1189 anno
770 1129 995 1206 antecedenti,
1023 1147 1084 1189 seu
1104 1126 1144 1186 lit·

201 1232 278 1287 terae
300 1225 503 1292 dominicales
525 1224 563 1285 de
583 1241 666 1285 anno
684 1224 718 1283 iu
739 1241 857 1284 anuum
880 1225 1015 1286 inverso
1040 1222 1144 1284 ordine

157 1311 162 1328 '
202 1320 480 1399 progrederentur,
510 1319 613 1380 donec
639 1320 802 1398 completis
830 1325 956 1398 septem
986 1320 1088 1382 annis
1108 1315 1143 1378 ad

203 1415 348 1478 eamdem
361 1414 502 1475 redirent
515 1414 599 1476 unde
613 1415 791 1495 progressio
813 1414 972 1494 originem
988 1415 1097 1490 duxit,
1118 1415 1143 1471 et

203 1513 247 1575 ita
261 1511 300 1572 de
315 1513 436 1589 septem
450 1509 482 1570 in
496 1515 619 1588 septem
634 1529 733 1572 annos
748 1511 879 1588 eadem,
896 1511 1087 1591 eodemque
1099 1525 1140 1570 or·

203 1610 275 1670 dine
297 1609 446 1670 redirent.
473 1609 542 1668 Uno
569 1606 667 1668 verbo
689 1611 836 1669 constans
856 1606 1076 1685 reduplicatio
1099 1603 1140 1664 lit·

202 1710 276 1768 terae
301 1707 347 1780 A,
380 1721 450 1783 quae
479 1702 632 1783 contingit
651 1703 740 1766 initio
763 1704 838 1765 anni
858 1703 934 1766 facit
957 1705 1139 1766 constanter

202 1800 322 1877 septem
336 1798 455 1859 litteras
469 1799 627 1860 transilire
648 1804 726 1879 quot
746 1801 835 1860 annis
854 1817 952 1860 unam
965 1801 1093 1873 sedem,
1111 1798 1138 1855 et

201 1895 319 1956 litteras
334 1893 557 1980 antecedentes
572 1913 728 1974 occupare
742 1895 836 1958 ferias
850 1914 929 1976 quas
940 1891 1136 1977 occupabunt

201 1993 313 2054 litterae
326 1990 507 2052 immediata
523 1989 701 2070 sequentes,
718 1991 849 2071 proinde
867 1991 963 2053 ferias
987 2011 1055 2054 non
1076 2006 1135 2050 am·
1208 2042 1209 2062 ,

200 2090 282 2168 plius
298 2088 455 2169 designari
469 2088 573 2149 littera
588 2107 651 2167 qua
661 2088 910 2168 designabantur
917 2090 1130 2167 annoelapso,

201 2186 257 2245 sed
271 2186 375 2249 littera
389 2186 512 2247 inverso
529 2183 639 2244 ordine
652 2185 834 2247 immediate
849 2186 1066 2249 antecedenti.

240 2280 335 2340 Facta
349 2281 464 2358 septies
484 2280 542 2341 hac
560 2280 791 2356 immutatione,
813 2282 1046 2343 consummatis
1068 2295 1132 2355 sep

200 2375 263 2435 tem
289 2374 419 2451 litteris,
450 2377 555 2454 elapso
584 2378 747 2455 septennio
778 2376 863 2437 leriae
891 2377 1130 2457 designarentur

197 2466 301 2529 littera
324 2485 387 2546 qua
408 2469 656 2549 designabantur
676 2477 797 2550 septem
820 2475 893 2534 ante
917 2490 1024 2534 annos
1048 2468 1130 2535 etde

197 2562 360 2643 septennio
375 2563 408 2625 in
422 2567 622 2644 septennium
636 2568 758 2629 eaedem
770 2567 883 2631 litterae
898 2568 1017 2631 eodem
1028 2566 1125 2631 ardue

199 2678 271 2722 oum
285 2660 397 2721 iisdem
411 2660 496 2721 feriis
511 2662 736 2735 coinciderent.

238 2758 332 2819 XXll.
350 2758 413 2819 Sed
428 2758 509 2819 hano
522 2759 777 2838 progressionem
795 2759 1035 2822 succedentium
1054 2760 1129 2821 liuc-

197 2872 305 2915 rarum
319 2852 555 2914 dominicalium
570 2853 609 2914 de
625 2857 748 2917 anuoin
759 2875 877 2918 annum
886 2856 996 2917 ordine
1006 2857 1128 2916 inverso

198 2956 230 3011 ot
242 2949 442 3012 redeuntium
464 2949 502 3010 de
527 2952 691 3027 septennio
714 2954 747 3013 iu
767 2954 965 3031 septennium
984 2954 1128 3016 turbatur

198 3048 318 3109 ratione
332 3063 488 3108 annorum
502 3046 623 3109 caeteris
641 3047 831 3127 longiorum,
851 3050 906 3128 qui
919 3048 1024 3110 solent
1037 3049 1128 3111 inter·
1205 3105 1206 3124 ,

196 3140 303 3203 calari.
320 3141 359 3202 Hi
372 3144 445 3202 sunt
464 3142 539 3201 anui
556 3142 746 3205 bis-sextiles
766 3143 810 3204 sic
832 3143 905 3206 dicti
931 3142 1004 3223 quia
1029 3143 1126 3204 Julius

197 3236 301 3294 Caesar
327 3239 487 3315 Augustus
514 3236 640 3297 illorum
667 3238 828 3300 institutor
859 3243 894 3301 ut
925 3239 1127 3316 componeret

196 3348 315 3390 aunum
337 3332 460 3392 civilem
488 3350 560 3394 cum
589 3333 672 3395 anno
700 3337 929 3412 astronomico,
961 3339 1125 3415 postquam

196 3426 282 3485 auxit
295 3432 474 3501 nonagenta
494 3430 604 3490 diebus
627 3449 745 3492 anuum
763 3432 1043 3513 quadragesimum
1063 3450 1124 3493 ser·

195 3520 263 3575 tum
286 3521 358 3579 anta
372 3533 478 3577 aerem
492 3524 655 3599 vulgarem
668 3529 703 3587 ut
722 3530 938 3607 compensaret
951 3529 1123 3606 preterita
