2442 4125
338 325 377 370 aa
397 326 527 372 cunero
546 328 630 375 acala
651 329 807 376 canonici.
979 322 1037 383 Μ

100 497 202 556 Quoest.
217 500 252 544 te.
268 497 305 545 De
316 495 505 558 impedimentis
515 495 1040 568 diripientitnequoedirecteiniotititest

136 575 272 640 quemdem
288 574 455 624 contrahendi
470 575 581 639 modum,
595 589 644 628 irco
654 581 742 628 autem
753 594 874 644 peream
892 584 1038 634 contrahen-

137 653 211 700 tiam.

143 783 256 846 Modus
271 783 479 845 contrahendi
492 787 739 865 matrimonium,
761 792 941 851 contractus
959 792 1038 853 vali-

101 881 236 941 ditatem
250 879 349 940 inficit
363 898 400 940 ex
420 880 534 959 triplici
554 883 656 961 capite
678 903 685 945 :
709 888 740 945 1⁰
758 885 803 945 Ex
823 885 946 949 deiectu
966 905 1040 950 eon-

99 993 214 1037 sensus
235 976 503 1051 contrabentium
529 982 560 1038 2⁰
592 981 638 1039 Ex
661 979 786 1043 defectu
807 980 962 1044 libertatis
986 1001 1039 1045 eo-

98 1072 267 1145 rumdem;
285 1075 316 1132 3⁰
331 1073 377 1132 llx
392 1073 516 1136 defectu
530 1074 640 1137 formae
656 1079 687 1137 et
701 1077 779 1138 ritus
797 1079 916 1142 externi
933 1097 1039 1142 essem

97 1169 220 1231 tialiter
233 1167 274 1228 ab
290 1169 429 1230 Ecclesia
443 1171 629 1248 praecripti.

418 1328 447 1370 A.
462 1328 494 1370 De
506 1327 590 1372 delectu
603 1340 725 1372 moserano.

144 1427 297 1488 XXXVII.
322 1424 378 1486 Hic
392 1442 495 1485 sermo
512 1441 574 1486 non
589 1429 637 1487 est
649 1425 690 1487 de
703 1425 889 1507 impotentia
907 1449 1038 1493 consen-

97 1522 214 1599 tiendi,
237 1522 276 1582 de
300 1539 363 1602 qua
380 1521 476 1583 locuti
495 1540 620 1598 sumus3
643 1523 699 1584 sed
718 1527 881 1604 supposita
899 1527 1040 1604 potentia

97 1618 331 1694 consentiendi,
362 1619 532 1698 quaerimus
559 1619 599 1680 de
627 1619 709 1682 facto
732 1637 914 1681 consensus.
942 1623 1040 1684 Porro

97 1733 276 1778 consensus
291 1733 353 1776 non
369 1715 469 1791 adest,
487 1715 609 1794 quoties
624 1717 739 1776 modus
753 1716 963 1798 contrahendi
976 1736 1040 1780 nou

97 1809 260 1888 exprimat
281 1809 463 1870 interiorem
487 1814 520 1872 et
540 1828 652 1871 verum
674 1811 769 1872 animi
795 1827 985 1874 eonsensum
1007 1813 1039 1874 in

97 1906 351 1982 matrimonium,
377 1906 431 1986 qui
455 1922 517 1967 non
541 1906 724 1982 haberetur,
750 1906 776 1966 si
798 1909 869 1986 quia
887 1908 1037 1988 jocando,

97 2003 255 2081 ludendo,
274 2007 328 2065 aut
341 2003 510 2084 aequivocis
524 2001 630 2065 verbis
643 2002 795 2079 fallendo,
816 2009 871 2063 aut
890 2005 1038 2078 errando,

98 2102 293 2163 consensum
316 2101 538 2179 expressisset,
564 2099 615 2160 vel
638 2116 826 2159 consensum
849 2104 1041 2162 somniasset

100 2196 263 2259 nonnullis
277 2196 509 2258 conditionibus
530 2214 600 2276 quae
617 2212 689 2257 oum
710 2213 866 2258 consensu
885 2198 919 2258 in
933 2198 1041 2260 matri·

99 2294 246 2355 monium
260 2292 419 2354 conciliari
435 2311 497 2354 non
513 2295 654 2371 possunt.

145 2392 270 2469 ltaque,
296 2390 323 2449 si
344 2390 378 2448 in
399 2388 543 2449 omnibus
564 2389 776 2452 contractibus
797 2390 973 2453 essentialis
993 2396 1042 2453 est

101 2484 360 2548 contrahentium
388 2501 569 2561 consonano,
601 2489 636 2546 ut
662 2485 804 2563 valeant,
834 2494 866 2548 et
893 2494 1041 2548 nascatur

104 2583 274 2664 obligatio;
290 2582 323 2643 id
338 2582 534 2661 potissimum
545 2581 666 2645 obtinet
675 2583 780 2661 quoad
792 2584 1038 2657 matrimonium,

106 2680 192 2761 quod
215 2681 394 2741 contractus
421 2681 468 2739 est
491 2676 705 2739 consensualis
726 2676 778 2757 qui
799 2680 883 2738 totus
904 2694 943 2736 ex
965 2693 1041 2736 oon-

105 2794 202 2837 sensu
210 2774 417 2835 substantiam
426 2772 526 2852 eapit3
539 2774 664 2851 nuptias
675 2774 759 2833 enim
769 2789 831 2832 non
842 2769 1038 2843 concubitus,

106 2872 164 2933 sed
188 2870 358 2932 consensus
381 2870 466 2944 facit,
492 2887 664 2931 consensus
687 2875 794 2930 autem
817 2867 858 2928 ad
881 2866 1040 2927 matrimo-

106 2970 196 3030 nium
209 2966 379 3047 requisitus
393 2966 455 3027 dici
469 2970 572 3043 potest
587 2985 594 3025 :

148 3067 179 3124 l⁰
192 3064 336 3125 Exterior
348 3061 517 3124 voluntatis
530 3060 741 3123 manifestatio
756 3078 813 3138 per
831 3064 919 3120 certa
937 3062 969 3119 et
986 3058 1042 3119 de·

105 3158 277 3222 terminata
290 3157 420 3230 indicia3

146 3259 180 3315 2⁰
194 3254 243 3314 Ab
257 3253 381 3315 interna
396 3253 491 3314 animi
506 3251 731 3314 deliberatione
746 3249 829 3313 serio
842 3250 979 3330 prolata3

146 3352 178 3410 3⁰
193 3348 301 3409 Mutuo
315 3348 415 3421 faota;

147 3450 180 3505 4⁰
195 3446 221 3504 A
237 3460 324 3503 mare
339 3449 371 3503 at
384 3442 502 3503 famina
516 3442 555 3502 de
567 3441 639 3522 jure
654 3441 792 3521 idoneis,
809 3443 859 3506 vel
872 3461 930 3522 per
943 3460 977 3503 se
992 3441 1042 3502 vel

105 3560 165 3621 per
178 3538 310 3600 idoneos
323 3544 544 3619 procuratores
559 3538 680 3611 elicita3
