<?xml version="1.0" encoding="UTF-8"?>
<!DOCTYPE html PUBLIC "-//W3C//DTD XHTML 1.0 Transitional//EN"
    "http://www.w3.org/TR/xhtml1/DTD/xhtml1-transitional.dtd">
<html xmlns="http://www.w3.org/1999/xhtml" xml:lang="en" lang="en">
 <head>
  <title>
</title>
<meta http-equiv="Content-Type" content="text/html;charset=utf-8" />
  <meta name='ocr-system' content='tesseract 3.04.00' />
  <meta name='ocr-capabilities' content='ocr_page ocr_carea ocr_par ocr_line ocrx_word'/>
</head>
<body>
  <div class='ocr_page' id='page_1' title='image "./institutionesju04marigoog_0149.png"; bbox 0 0 2442 4125; ppageno 0'>
   <div class='ocr_carea' id='block_1_1' title="bbox 308 290 1015 353">
    <p class='ocr_par' dir='ltr' id='par_1_1' title="bbox 308 290 1015 353">
     <span class='ocr_line' id='line_1_1' title="bbox 308 290 1015 353; baseline 0.014 -12"><span class='ocrx_word' id='word_1_1' title='bbox 308 296 497 353; x_wconf 69' lang='lat' dir='ltr'><strong>peonnam</strong></span> <span class='ocrx_word' id='word_1_2' title='bbox 516 296 779 345; x_wconf 75' lang='lat' dir='ltr'><strong>musterolum.</strong></span> <span class='ocrx_word' id='word_1_3' title='bbox 936 290 1015 351; x_wconf 66' lang='grc'><strong>’139</strong></span> 
     </span>
    </p>
   </div>
   <div class='ocr_carea' id='block_1_2' title="bbox 72 438 1096 2246">
    <p class='ocr_par' dir='ltr' id='par_1_2' title="bbox 72 438 1096 904">
     <span class='ocr_line' id='line_1_2' title="bbox 74 438 1014 526; baseline 0.004 -22"><span class='ocrx_word' id='word_1_4' title='bbox 74 441 256 504; x_wconf 82' lang='lat' dir='ltr'>suasionis:</span> <span class='ocrx_word' id='word_1_5' title='bbox 272 440 341 502; x_wconf 86' lang='lat' dir='ltr'><strong>Noa</strong></span> <span class='ocrx_word' id='word_1_6' title='bbox 354 458 451 501; x_wconf 80' lang='lat' dir='ltr'><strong>omaer</strong></span> <span class='ocrx_word' id='word_1_7' title='bbox 463 438 586 520; x_wconf 80' lang='lat' dir='ltr'><strong>capiant</strong></span> <span class='ocrx_word' id='word_1_8' title='bbox 602 440 721 501; x_wconf 70' lang='lat' dir='ltr'><strong>votam</strong></span> <span class='ocrx_word' id='word_1_9' title='bbox 737 440 827 519; x_wconf 75' lang='lat' dir='ltr'><strong>istud,</strong></span> <span class='ocrx_word' id='word_1_10' title='bbox 842 443 893 507; x_wconf 76' lang='lat' dir='ltr'><strong>aed</strong></span> <span class='ocrx_word' id='word_1_11' title='bbox 910 446 1014 526; x_wconf 84' lang='lat' dir='ltr'><strong>qm&#39;tue</strong></span> 
     </span>
     <span class='ocr_line' id='line_1_3' title="bbox 73 535 1018 617; baseline 0.003 -16"><span class='ocrx_word' id='word_1_12' title='bbox 73 540 181 601; x_wconf 82' lang='lat' dir='ltr'><strong>datam</strong></span> <span class='ocrx_word' id='word_1_13' title='bbox 195 545 247 599; x_wconf 78' lang='lat' dir='ltr'><strong>eat.</strong></span> <span class='ocrx_word' id='word_1_14' title='bbox 264 537 344 599; x_wconf 83' lang='lat' dir='ltr'><strong>Sunt</strong></span> <span class='ocrx_word' id='word_1_15' title='bbox 356 536 432 598; x_wconf 82' lang='lat' dir='ltr'><strong>enim</strong></span> <span class='ocrx_word' id='word_1_16' title='bbox 446 536 571 599; x_wconf 73' lang='lat' dir='ltr'><strong>macelli</strong></span> <span class='ocrx_word' id='word_1_17' title='bbox 582 537 637 617; x_wconf 80' lang='lat' dir='ltr'><strong>qui</strong></span> <span class='ocrx_word' id='word_1_18' title='bbox 644 535 795 600; x_wconf 76' lang='lat' dir='ltr'><strong>demetria</strong></span> <span class='ocrx_word' id='word_1_19' title='bbox 809 548 893 601; x_wconf 87' lang='lat' dir='ltr'><strong>atero</strong></span> <span class='ocrx_word' id='word_1_20' title='bbox 902 542 1018 603; x_wconf 76' lang='lat' dir='ltr'><strong>elocati</strong></span> 
     </span>
     <span class='ocr_line' id='line_1_4' title="bbox 72 631 1017 715; baseline 0.006 -20"><span class='ocrx_word' id='word_1_21' title='bbox 72 643 165 710; x_wconf 51' lang='lat' dir='ltr'><strong>aaa&amp;</strong></span> <span class='ocrx_word' id='word_1_22' title='bbox 184 642 213 695; x_wconf 87' lang='lat' dir='ltr'><strong>et</strong></span> <span class='ocrx_word' id='word_1_23' title='bbox 228 641 299 693; x_wconf 80' lang='lat' dir='ltr'><strong>eunt</strong></span> <span class='ocrx_word' id='word_1_24' title='bbox 322 631 450 693; x_wconf 77' lang='lat' dir='ltr'><strong>eaauclri</strong></span> <span class='ocrx_word' id='word_1_25' title='bbox 468 632 521 713; x_wconf 79' lang='lat' dir='ltr'><strong>qai</strong></span> <span class='ocrx_word' id='word_1_26' title='bbox 538 633 615 713; x_wconf 74' lang='lat' dir='ltr'><strong>sacti</strong></span> <span class='ocrx_word' id='word_1_27' title='bbox 640 642 709 694; x_wconf 78' lang='lat' dir='ltr'><strong>aaut</strong></span> <span class='ocrx_word' id='word_1_28' title='bbox 729 634 767 695; x_wconf 84' lang='lat' dir='ltr'><strong>ab</strong></span> <span class='ocrx_word' id='word_1_29' title='bbox 787 634 969 715; x_wconf 78' lang='lat' dir='ltr'><strong>lomlaibm,·</strong></span> <span class='ocrx_word' id='word_1_30' title='bbox 988 649 1017 703; x_wconf 87' lang='lat' dir='ltr'><strong>et</strong></span> 
     </span>
     <span class='ocr_line' id='line_1_5' title="bbox 73 718 1096 813; baseline 0.005 -23"><span class='ocrx_word' id='word_1_31' title='bbox 73 738 147 791; x_wconf 79' lang='lat' dir='ltr'><strong>caat</strong></span> <span class='ocrx_word' id='word_1_32' title='bbox 169 728 295 790; x_wconf 76' lang='lat' dir='ltr'><strong>eunachi</strong></span> <span class='ocrx_word' id='word_1_33' title='bbox 314 729 370 809; x_wconf 80' lang='lat' dir='ltr'><strong>qai</strong></span> <span class='ocrx_word' id='word_1_34' title='bbox 390 728 496 809; x_wconf 74' lang='lat' dir='ltr'><strong>seipsos</strong></span> <span class='ocrx_word' id='word_1_35' title='bbox 514 737 720 791; x_wconf 75' lang='lat' dir='ltr'><strong>castraverant</strong></span> <span class='ocrx_word' id='word_1_36' title='bbox 745 740 868 812; x_wconf 90' lang='lat' dir='ltr'><strong>propter</strong></span> <span class='ocrx_word' id='word_1_37' title='bbox 890 752 1014 813; x_wconf 79' lang='lat' dir='ltr'><strong>repaum</strong></span> <span class='ocrx_word' id='word_1_38' title='bbox 1087 718 1096 731; x_wconf 48' lang='lat'><em>⁵</em></span> 
     </span>
     <span class='ocr_line' id='line_1_6' title="bbox 72 822 655 904; baseline -0.003 -17"><span class='ocrx_word' id='word_1_39' title='bbox 72 825 228 887; x_wconf 84' lang='lat' dir='ltr'><strong>eoeloram.</strong></span> <span class='ocrx_word' id='word_1_40' title='bbox 245 823 303 899; x_wconf 81' lang='lat' dir='ltr'><strong>Oai</strong></span> <span class='ocrx_word' id='word_1_41' title='bbox 313 831 406 904; x_wconf 77' lang='lat' dir='ltr'><strong>potest</strong></span> <span class='ocrx_word' id='word_1_42' title='bbox 418 840 527 902; x_wconf 83' lang='lat' dir='ltr'><strong>eoepere</strong></span> <span class='ocrx_word' id='word_1_43' title='bbox 539 822 655 902; x_wconf 86' lang='lat' dir='ltr'><strong>coepiat.</strong></span> 
     </span>
    </p>

    <p class='ocr_par' dir='ltr' id='par_1_3' title="bbox 73 918 1014 1763">
     <span class='ocr_line' id='line_1_7' title="bbox 118 918 1014 997; baseline 0.002 -14"><span class='ocrx_word' id='word_1_44' title='bbox 118 924 241 983; x_wconf 87' lang='lat' dir='ltr'><strong>Durum</strong></span> <span class='ocrx_word' id='word_1_45' title='bbox 266 938 379 981; x_wconf 88' lang='lat' dir='ltr'><strong>revera</strong></span> <span class='ocrx_word' id='word_1_46' title='bbox 405 922 488 981; x_wconf 86' lang='lat' dir='ltr'><strong>esset</strong></span> <span class='ocrx_word' id='word_1_47' title='bbox 513 918 647 981; x_wconf 81' lang='lat' dir='ltr'><strong>verbum</strong></span> <span class='ocrx_word' id='word_1_48' title='bbox 674 918 752 997; x_wconf 90' lang='lat' dir='ltr'><strong>hoo,</strong></span> <span class='ocrx_word' id='word_1_49' title='bbox 774 922 806 982; x_wconf 88' lang='lat' dir='ltr'><strong>et</strong></span> <span class='ocrx_word' id='word_1_50' title='bbox 828 922 1014 985; x_wconf 73' lang='lat' dir='ltr'><strong>executione</strong></span> 
     </span>
     <span class='ocr_line' id='line_1_8' title="bbox 73 1015 1014 1099; baseline -0.002 -16"><span class='ocrx_word' id='word_1_51' title='bbox 73 1016 272 1099; x_wconf 84' lang='lat' dir='ltr'><strong>impossibile</strong></span> <span class='ocrx_word' id='word_1_52' title='bbox 295 1016 390 1077; x_wconf 88' lang='lat' dir='ltr'><strong>merie</strong></span> <span class='ocrx_word' id='word_1_53' title='bbox 409 1018 532 1077; x_wconf 77' lang='lat' dir='ltr'><strong>naturae</strong></span> <span class='ocrx_word' id='word_1_54' title='bbox 553 1015 685 1092; x_wconf 81' lang='lat' dir='ltr'><strong>viribus,</strong></span> <span class='ocrx_word' id='word_1_55' title='bbox 702 1018 729 1077; x_wconf 85' lang='lat' dir='ltr'><strong>si</strong></span> <span class='ocrx_word' id='word_1_56' title='bbox 743 1016 784 1078; x_wconf 87' lang='lat' dir='ltr'><strong>ad</strong></span> <span class='ocrx_word' id='word_1_57' title='bbox 799 1022 922 1080; x_wconf 88' lang='lat' dir='ltr'><strong>motum</strong></span> <span class='ocrx_word' id='word_1_58' title='bbox 941 1038 1014 1083; x_wconf 90' lang='lat' dir='ltr'><strong>oon·</strong></span> 
     </span>
     <span class='ocr_line' id='line_1_9' title="bbox 75 1098 1014 1195; baseline 0 -18"><span class='ocrx_word' id='word_1_59' title='bbox 75 1114 282 1195; x_wconf 81' lang='lat' dir='ltr'><strong>cupiscentiae</strong></span> <span class='ocrx_word' id='word_1_60' title='bbox 296 1130 346 1172; x_wconf 86' lang='lat' dir='ltr'><strong>rea</strong></span> <span class='ocrx_word' id='word_1_61' title='bbox 361 1114 444 1172; x_wconf 81' lang='lat' dir='ltr'><strong>esset</strong></span> <span class='ocrx_word' id='word_1_62' title='bbox 458 1098 672 1185; x_wconf 80' lang='lat' dir='ltr'><strong>observanda3</strong></span> <span class='ocrx_word' id='word_1_63' title='bbox 690 1129 753 1173; x_wconf 93' lang='lat' dir='ltr'><strong>non</strong></span> <span class='ocrx_word' id='word_1_64' title='bbox 768 1114 812 1175; x_wconf 80' lang='lat' dir='ltr'><strong>aio</strong></span> <span class='ocrx_word' id='word_1_65' title='bbox 822 1118 928 1177; x_wconf 87' lang='lat' dir='ltr'><strong>autem</strong></span> <span class='ocrx_word' id='word_1_66' title='bbox 942 1116 1014 1177; x_wconf 86' lang='lat' dir='ltr'><strong>viri·</strong></span> 
     </span>
     <span class='ocr_line' id='line_1_10' title="bbox 74 1207 1014 1289; baseline -0.001 -16"><span class='ocrx_word' id='word_1_67' title='bbox 74 1214 141 1273; x_wconf 89' lang='lat' dir='ltr'><strong>hus</strong></span> <span class='ocrx_word' id='word_1_68' title='bbox 167 1209 277 1289; x_wconf 76' lang='lat' dir='ltr'><strong>gratiae</strong></span> <span class='ocrx_word' id='word_1_69' title='bbox 306 1225 376 1287; x_wconf 81' lang='lat' dir='ltr'><strong>quae</strong></span> <span class='ocrx_word' id='word_1_70' title='bbox 398 1225 419 1267; x_wconf 89' lang='lat' dir='ltr'><strong>a</strong></span> <span class='ocrx_word' id='word_1_71' title='bbox 441 1209 507 1268; x_wconf 88' lang='lat' dir='ltr'><strong>Deo</strong></span> <span class='ocrx_word' id='word_1_72' title='bbox 539 1207 792 1286; x_wconf 79' lang='lat' dir='ltr'><strong>suppeditantur.</strong></span> <span class='ocrx_word' id='word_1_73' title='bbox 819 1210 858 1271; x_wconf 80' lang='lat' dir='ltr'><strong>Et</strong></span> <span class='ocrx_word' id='word_1_74' title='bbox 884 1228 960 1272; x_wconf 84' lang='lat' dir='ltr'><strong>saue</strong></span> <span class='ocrx_word' id='word_1_75' title='bbox 988 1213 1014 1272; x_wconf 84' lang='lat' dir='ltr'><strong>si</strong></span> 
     </span>
     <span class='ocr_line' id='line_1_11' title="bbox 76 1304 1014 1385; baseline 0 -16"><span class='ocrx_word' id='word_1_76' title='bbox 76 1310 198 1369; x_wconf 88' lang='lat' dir='ltr'><strong>durum</strong></span> <span class='ocrx_word' id='word_1_77' title='bbox 220 1311 269 1366; x_wconf 85' lang='lat' dir='ltr'><strong>eet</strong></span> <span class='ocrx_word' id='word_1_78' title='bbox 291 1304 411 1367; x_wconf 88' lang='lat' dir='ltr'><strong>homini</strong></span> <span class='ocrx_word' id='word_1_79' title='bbox 438 1321 502 1365; x_wconf 90' lang='lat' dir='ltr'><strong>una</strong></span> <span class='ocrx_word' id='word_1_80' title='bbox 528 1308 654 1365; x_wconf 87' lang='lat' dir='ltr'><strong>tantum</strong></span> <span class='ocrx_word' id='word_1_81' title='bbox 681 1322 778 1366; x_wconf 85' lang='lat' dir='ltr'><strong>uxore</strong></span> <span class='ocrx_word' id='word_1_82' title='bbox 803 1307 862 1385; x_wconf 87' lang='lat' dir='ltr'><strong>uti,</strong></span> <span class='ocrx_word' id='word_1_83' title='bbox 879 1311 911 1369; x_wconf 91' lang='lat' dir='ltr'><strong>et</strong></span> <span class='ocrx_word' id='word_1_84' title='bbox 930 1308 1014 1369; x_wconf 84' lang='lat' dir='ltr'><strong>illiue</strong></span> 
     </span>
     <span class='ocr_line' id='line_1_12' title="bbox 76 1396 1014 1481; baseline 0 -20"><span class='ocrx_word' id='word_1_85' title='bbox 76 1400 177 1461; x_wconf 85' lang='lat' dir='ltr'><strong>etiam</strong></span> <span class='ocrx_word' id='word_1_86' title='bbox 200 1415 258 1458; x_wconf 85' lang='lat' dir='ltr'><strong>ueu</strong></span> <span class='ocrx_word' id='word_1_87' title='bbox 280 1396 413 1475; x_wconf 82' lang='lat' dir='ltr'><strong>privari,</strong></span> <span class='ocrx_word' id='word_1_88' title='bbox 437 1397 466 1456; x_wconf 83' lang='lat' dir='ltr'><strong>ai</strong></span> <span class='ocrx_word' id='word_1_89' title='bbox 489 1414 559 1458; x_wconf 86' lang='lat' dir='ltr'><strong>eam</strong></span> <span class='ocrx_word' id='word_1_90' title='bbox 582 1396 750 1476; x_wconf 81' lang='lat' dir='ltr'><strong>dimiserit,</strong></span> <span class='ocrx_word' id='word_1_91' title='bbox 774 1404 892 1479; x_wconf 85' lang='lat' dir='ltr'><strong>quanto</strong></span> <span class='ocrx_word' id='word_1_92' title='bbox 913 1401 1014 1481; x_wconf 78' lang='lat' dir='ltr'><strong>magia</strong></span> 
     </span>
     <span class='ocr_line' id='line_1_13' title="bbox 77 1492 1014 1573; baseline 0.001 -19"><span class='ocrx_word' id='word_1_93' title='bbox 77 1494 168 1555; x_wconf 89' lang='lat' dir='ltr'><strong>nulla</strong></span> <span class='ocrx_word' id='word_1_94' title='bbox 181 1511 279 1554; x_wconf 81' lang='lat' dir='ltr'><strong>uxore</strong></span> <span class='ocrx_word' id='word_1_95' title='bbox 288 1494 345 1569; x_wconf 89' lang='lat' dir='ltr'><strong>uti,</strong></span> <span class='ocrx_word' id='word_1_96' title='bbox 358 1496 390 1555; x_wconf 87' lang='lat' dir='ltr'><strong>et</strong></span> <span class='ocrx_word' id='word_1_97' title='bbox 399 1492 471 1554; x_wconf 80' lang='lat' dir='ltr'><strong>naui</strong></span> <span class='ocrx_word' id='word_1_98' title='bbox 479 1492 638 1573; x_wconf 80' lang='lat' dir='ltr'><strong>conjugali</strong></span> <span class='ocrx_word' id='word_1_99' title='bbox 647 1500 800 1573; x_wconf 89' lang='lat' dir='ltr'><strong>perpetuo</strong></span> <span class='ocrx_word' id='word_1_100' title='bbox 815 1495 1014 1557; x_wconf 81' lang='lat' dir='ltr'><strong>renuntiare?</strong></span> 
     </span>
     <span class='ocr_line' id='line_1_14' title="bbox 76 1588 1014 1670; baseline 0.001 -18"><span class='ocrx_word' id='word_1_101' title='bbox 76 1593 229 1652; x_wconf 81' lang='lat' dir='ltr'><strong>Attamen</strong></span> <span class='ocrx_word' id='word_1_102' title='bbox 252 1588 371 1653; x_wconf 85' lang='lat' dir='ltr'><strong>vin&#39;bus</strong></span> <span class='ocrx_word' id='word_1_103' title='bbox 390 1589 501 1669; x_wconf 74' lang='lat' dir='ltr'><strong>graue</strong></span> <span class='ocrx_word' id='word_1_104' title='bbox 520 1588 616 1651; x_wconf 89' lang='lat' dir='ltr'><strong>etiam</strong></span> <span class='ocrx_word' id='word_1_105' title='bbox 634 1589 694 1651; x_wconf 92' lang='lat' dir='ltr'><strong>hoc</strong></span> <span class='ocrx_word' id='word_1_106' title='bbox 709 1590 879 1665; x_wconf 84' lang='lat' dir='ltr'><strong>obtinetur,</strong></span> <span class='ocrx_word' id='word_1_107' title='bbox 896 1594 1014 1670; x_wconf 88' lang='lat' dir='ltr'><strong>quanta</strong></span> 
     </span>
     <span class='ocr_line' id='line_1_15' title="bbox 77 1683 295 1763; baseline -0.023 -16"><span class='ocrx_word' id='word_1_108' title='bbox 77 1684 182 1763; x_wconf 81' lang='lat' dir='ltr'><strong>magis</strong></span> <span class='ocrx_word' id='word_1_109' title='bbox 195 1683 295 1744; x_wconf 83' lang='lat' dir='ltr'><strong>illud?</strong></span> 
     </span>
    </p>

    <p class='ocr_par' dir='ltr' id='par_1_4' title="bbox 76 1778 1016 2246">
     <span class='ocr_line' id='line_1_16' title="bbox 120 1778 1016 1859; baseline 0.006 -17"><span class='ocrx_word' id='word_1_110' title='bbox 120 1779 297 1842; x_wconf 89' lang='lat' dir='ltr'><strong>Sublimata</strong></span> <span class='ocrx_word' id='word_1_111' title='bbox 317 1778 415 1859; x_wconf 77' lang='lat' dir='ltr'><strong>igitur</strong></span> <span class='ocrx_word' id='word_1_112' title='bbox 436 1779 522 1859; x_wconf 74' lang='lat' dir='ltr'><strong>lege,</strong></span> <span class='ocrx_word' id='word_1_113' title='bbox 538 1779 735 1843; x_wconf 82' lang='lat' dir='ltr'><strong>sublevanda</strong></span> <span class='ocrx_word' id='word_1_114' title='bbox 757 1786 826 1845; x_wconf 88' lang='lat' dir='ltr'><strong>erat</strong></span> <span class='ocrx_word' id='word_1_115' title='bbox 848 1786 962 1857; x_wconf 77' lang='lat' dir='ltr'><strong>natura</strong></span> <span class='ocrx_word' id='word_1_116' title='bbox 980 1790 1016 1847; x_wconf 91' lang='lat' dir='ltr'><strong>ut</strong></span> 
     </span>
     <span class='ocr_line' id='line_1_17' title="bbox 76 1874 1016 1956; baseline 0.005 -16"><span class='ocrx_word' id='word_1_117' title='bbox 76 1874 164 1941; x_wconf 85' lang='lat' dir='ltr'><strong>illiue</strong></span> <span class='ocrx_word' id='word_1_118' title='bbox 184 1877 390 1941; x_wconf 76' lang='lat' dir='ltr'><strong>observanda</strong></span> <span class='ocrx_word' id='word_1_119' title='bbox 411 1895 511 1956; x_wconf 84' lang='lat' dir='ltr'><strong>capax</strong></span> <span class='ocrx_word' id='word_1_120' title='bbox 523 1878 626 1940; x_wconf 86' lang='lat' dir='ltr'><strong>fieret.</strong></span> <span class='ocrx_word' id='word_1_121' title='bbox 647 1882 689 1943; x_wconf 91' lang='lat' dir='ltr'><strong>Ut</strong></span> <span class='ocrx_word' id='word_1_122' title='bbox 703 1882 809 1941; x_wconf 87' lang='lat' dir='ltr'><strong>autem</strong></span> <span class='ocrx_word' id='word_1_123' title='bbox 823 1881 883 1943; x_wconf 91' lang='lat' dir='ltr'><strong>hoo</strong></span> <span class='ocrx_word' id='word_1_124' title='bbox 897 1882 1016 1945; x_wconf 85' lang='lat' dir='ltr'><strong>laceret</strong></span> 
     </span>
     <span class='ocr_line' id='line_1_18' title="bbox 76 1972 1015 2054; baseline 0.001 -16"><span class='ocrx_word' id='word_1_125' title='bbox 76 1974 242 2038; x_wconf 80' lang='lat' dir='ltr'><strong>Christus:</strong></span> <span class='ocrx_word' id='word_1_126' title='bbox 259 1977 291 2034; x_wconf 86' lang='lat' dir='ltr'><strong>l⁰</strong></span> <span class='ocrx_word' id='word_1_127' title='bbox 303 1973 446 2037; x_wconf 80' lang='lat' dir='ltr'><strong>Elevavit</strong></span> <span class='ocrx_word' id='word_1_128' title='bbox 465 1972 703 2035; x_wconf 85' lang='lat' dir='ltr'><strong>matrimonium</strong></span> <span class='ocrx_word' id='word_1_129' title='bbox 721 1975 763 2035; x_wconf 89' lang='lat' dir='ltr'><strong>nd</strong></span> <span class='ocrx_word' id='word_1_130' title='bbox 786 1976 954 2054; x_wconf 80' lang='lat' dir='ltr'><strong>mysticam</strong></span> <span class='ocrx_word' id='word_1_131' title='bbox 975 1978 1015 2039; x_wconf 84' lang='lat' dir='ltr'><strong>ai-</strong></span> 
     </span>
     <span class='ocr_line' id='line_1_19' title="bbox 76 2069 1011 2150; baseline 0.002 -20"><span class='ocrx_word' id='word_1_132' title='bbox 76 2070 316 2150; x_wconf 86' lang='lat' dir='ltr'><strong>gnifieationem</strong></span> <span class='ocrx_word' id='word_1_133' title='bbox 339 2069 479 2150; x_wconf 80' lang='lat' dir='ltr'><strong>conjugii</strong></span> <span class='ocrx_word' id='word_1_134' title='bbox 501 2069 673 2149; x_wconf 79' lang='lat' dir='ltr'><strong>spiritualis</strong></span> <span class='ocrx_word' id='word_1_135' title='bbox 695 2069 745 2130; x_wconf 90' lang='lat' dir='ltr'><strong>sui</strong></span> <span class='ocrx_word' id='word_1_136' title='bbox 767 2089 840 2131; x_wconf 90' lang='lat' dir='ltr'><strong>cum</strong></span> <span class='ocrx_word' id='word_1_137' title='bbox 862 2072 1011 2148; x_wconf 73' lang='lat' dir='ltr'><strong>Ecclesia,</strong></span> 
     </span>
     <span class='ocr_line' id='line_1_20' title="bbox 77 2165 1016 2246; baseline 0 -18"><span class='ocrx_word' id='word_1_138' title='bbox 77 2174 114 2228; x_wconf 84' lang='lat' dir='ltr'><strong>ut</strong></span> <span class='ocrx_word' id='word_1_139' title='bbox 132 2167 178 2229; x_wconf 84' lang='lat' dir='ltr'><strong>ita</strong></span> <span class='ocrx_word' id='word_1_140' title='bbox 192 2185 213 2226; x_wconf 89' lang='lat' dir='ltr'><strong>a</strong></span> <span class='ocrx_word' id='word_1_141' title='bbox 225 2167 346 2227; x_wconf 87' lang='lat' dir='ltr'><strong>carnali</strong></span> <span class='ocrx_word' id='word_1_142' title='bbox 365 2165 512 2246; x_wconf 75' lang='lat' dir='ltr'><strong>conjugio</strong></span> <span class='ocrx_word' id='word_1_143' title='bbox 531 2165 677 2227; x_wconf 83' lang='lat' dir='ltr'><strong>homines</strong></span> <span class='ocrx_word' id='word_1_144' title='bbox 698 2165 967 2244; x_wconf 75' lang='lat' dir='ltr'><strong>ahsuaherentur,</strong></span> <span class='ocrx_word' id='word_1_145' title='bbox 984 2170 1016 2229; x_wconf 89' lang='lat' dir='ltr'><strong>et</strong></span> 
     </span>
    </p>
   </div>
   <div class='ocr_carea' id='block_1_3' title="bbox 77 2261 1148 2342">
    <p class='ocr_par' dir='ltr' id='par_1_5' title="bbox 77 2261 1148 2342">
     <span class='ocr_line' id='line_1_21' title="bbox 77 2261 1148 2342; baseline 0 -17"><span class='ocrx_word' id='word_1_146' title='bbox 77 2263 185 2342; x_wconf 88' lang='lat' dir='ltr'><strong>potius</strong></span> <span class='ocrx_word' id='word_1_147' title='bbox 197 2261 396 2340; x_wconf 86' lang='lat' dir='ltr'><strong>spiritualem</strong></span> <span class='ocrx_word' id='word_1_148' title='bbox 414 2262 676 2342; x_wconf 80' lang='lat' dir='ltr'><strong>significationem</strong></span> <span class='ocrx_word' id='word_1_149' title='bbox 698 2261 898 2324; x_wconf 87' lang='lat' dir='ltr'><strong>attenderent</strong></span> <span class='ocrx_word' id='word_1_150' title='bbox 918 2280 1014 2342; x_wconf 87' lang='lat' dir='ltr'><strong>quam</strong></span> <span class='ocrx_word' id='word_1_151' title='bbox 1138 2277 1148 2286; x_wconf 81' lang='grc'>’</span> 
     </span>
    </p>
   </div>
   <div class='ocr_carea' id='block_1_4' title="bbox 77 2358 1016 3206">
    <p class='ocr_par' dir='ltr' id='par_1_6' title="bbox 78 2358 498 2420">
     <span class='ocr_line' id='line_1_22' title="bbox 78 2358 498 2420; baseline 0 0"><span class='ocrx_word' id='word_1_152' title='bbox 78 2358 348 2420; x_wconf 83' lang='lat' dir='ltr'><strong>oblectamentum</strong></span> <span class='ocrx_word' id='word_1_153' title='bbox 362 2358 498 2420; x_wconf 86' lang='lat' dir='ltr'><strong>carnale.</strong></span> 
     </span>
    </p>

    <p class='ocr_par' dir='ltr' id='par_1_7' title="bbox 77 2453 1016 3206">
     <span class='ocr_line' id='line_1_23' title="bbox 125 2453 1015 2535; baseline 0.001 -20"><span class='ocrx_word' id='word_1_154' title='bbox 125 2454 200 2530; x_wconf 82' lang='lat' dir='ltr'><strong>Viri,</strong></span> <span class='ocrx_word' id='word_1_155' title='bbox 219 2453 335 2534; x_wconf 76' lang='lat' dir='ltr'><strong>dilipr&#39;te</strong></span> <span class='ocrx_word' id='word_1_156' title='bbox 348 2454 456 2535; x_wconf 88' lang='lat' dir='ltr'><strong>(Paul.</strong></span> <span class='ocrx_word' id='word_1_157' title='bbox 474 2454 515 2516; x_wconf 89' lang='lat' dir='ltr'><strong>ad</strong></span> <span class='ocrx_word' id='word_1_158' title='bbox 532 2453 628 2533; x_wconf 67' lang='lat' dir='ltr'><strong>oph,</strong></span> <span class='ocrx_word' id='word_1_159' title='bbox 649 2454 1015 2535; x_wconf 62' lang='lat' dir='ltr'><strong>mammaemammal</strong></span> 
     </span>
     <span class='ocr_line' id='line_1_24' title="bbox 79 2549 1012 2631; baseline 0 -17"><span class='ocrx_word' id='word_1_160' title='bbox 79 2549 216 2614; x_wconf 71' lang='lat' dir='ltr'><strong>Christus</strong></span> <span class='ocrx_word' id='word_1_161' title='bbox 229 2551 394 2614; x_wconf 73' lang='lat' dir='ltr'><strong>Ecclesiam</strong></span> <span class='ocrx_word' id='word_1_162' title='bbox 407 2558 437 2612; x_wconf 88' lang='lat' dir='ltr'><strong>et</strong></span> <span class='ocrx_word' id='word_1_163' title='bbox 447 2551 573 2631; x_wconf 69' lang='lat' dir='ltr'><strong>seipsum</strong></span> <span class='ocrx_word' id='word_1_164' title='bbox 587 2550 714 2613; x_wconf 82' lang='lat' dir='ltr'><strong>tradidit</strong></span> <span class='ocrx_word' id='word_1_165' title='bbox 725 2569 781 2631; x_wconf 87' lang='lat' dir='ltr'><strong>pro</strong></span> <span class='ocrx_word' id='word_1_166' title='bbox 795 2570 867 2615; x_wconf 87' lang='lat' dir='ltr'><strong>ea...</strong></span> <span class='ocrx_word' id='word_1_167' title='bbox 888 2551 952 2614; x_wconf 81' lang='lat' dir='ltr'><strong>Viri</strong></span> <span class='ocrx_word' id='word_1_168' title='bbox 962 2552 1012 2614; x_wconf 85' lang='lat' dir='ltr'><strong>de·</strong></span> 
     </span>
     <span class='ocr_line' id='line_1_25' title="bbox 79 2647 1014 2728; baseline -0.001 -20"><span class='ocrx_word' id='word_1_169' title='bbox 79 2649 147 2708; x_wconf 83' lang='lat' dir='ltr'><strong>teat</strong></span> <span class='ocrx_word' id='word_1_170' title='bbox 166 2647 292 2728; x_wconf 74' lang='lat' dir='ltr'><strong>dilipere</strong></span> <span class='ocrx_word' id='word_1_171' title='bbox 314 2665 418 2710; x_wconf 78' lang='lat' dir='ltr'><strong>uxorea</strong></span> <span class='ocrx_word' id='word_1_172' title='bbox 435 2665 504 2708; x_wconf 78' lang='lat' dir='ltr'><strong>roae</strong></span> <span class='ocrx_word' id='word_1_173' title='bbox 522 2647 598 2708; x_wconf 76' lang='lat' dir='ltr'><strong>siem</strong></span> <span class='ocrx_word' id='word_1_174' title='bbox 617 2666 741 2728; x_wconf 86' lang='lat' dir='ltr'><strong>corpora</strong></span> <span class='ocrx_word' id='word_1_175' title='bbox 761 2665 865 2725; x_wconf 83' lang='lat' dir='ltr'><strong>eaa,...</strong></span> <span class='ocrx_word' id='word_1_176' title='bbox 892 2648 967 2707; x_wconf 74' lang='lat' dir='ltr'><strong>sicat</strong></span> <span class='ocrx_word' id='word_1_177' title='bbox 986 2656 1014 2708; x_wconf 88' lang='lat' dir='ltr'><strong>et</strong></span> 
     </span>
     <span class='ocr_line' id='line_1_26' title="bbox 80 2741 1012 2827; baseline -0.005 -22"><span class='ocrx_word' id='word_1_178' title='bbox 80 2742 218 2805; x_wconf 70' lang='lat' dir='ltr'><strong>Christos</strong></span> <span class='ocrx_word' id='word_1_179' title='bbox 235 2743 505 2827; x_wconf 57' lang='lat' dir='ltr'><strong>ecclesiamque</strong></span> <span class='ocrx_word' id='word_1_180' title='bbox 527 2742 657 2804; x_wconf 80' lang='lat' dir='ltr'><strong>membro</strong></span> <span class='ocrx_word' id='word_1_181' title='bbox 675 2761 772 2804; x_wconf 79' lang='lat' dir='ltr'><strong>eumue</strong></span> <span class='ocrx_word' id='word_1_182' title='bbox 789 2741 918 2821; x_wconf 78' lang='lat' dir='ltr'><strong>eorporis</strong></span> <span class='ocrx_word' id='word_1_183' title='bbox 936 2741 1012 2819; x_wconf 75' lang='lat' dir='ltr'><strong>ejas,</strong></span> 
     </span>
     <span class='ocr_line' id='line_1_27' title="bbox 78 2834 1015 2920; baseline -0.003 -20"><span class='ocrx_word' id='word_1_184' title='bbox 78 2847 108 2900; x_wconf 90' lang='lat' dir='ltr'><strong>et</strong></span> <span class='ocrx_word' id='word_1_185' title='bbox 120 2837 157 2900; x_wconf 85' lang='lat' dir='ltr'><strong>de</strong></span> <span class='ocrx_word' id='word_1_186' title='bbox 169 2857 258 2902; x_wconf 82' lang='lat' dir='ltr'><strong>carae</strong></span> <span class='ocrx_word' id='word_1_187' title='bbox 275 2839 340 2920; x_wconf 77' lang='lat' dir='ltr'><strong>ejas</strong></span> <span class='ocrx_word' id='word_1_188' title='bbox 352 2847 382 2899; x_wconf 90' lang='lat' dir='ltr'><strong>et</strong></span> <span class='ocrx_word' id='word_1_189' title='bbox 394 2838 429 2899; x_wconf 87' lang='lat' dir='ltr'><strong>de</strong></span> <span class='ocrx_word' id='word_1_190' title='bbox 441 2837 549 2900; x_wconf 79' lang='lat' dir='ltr'><strong>orcitm</strong></span> <span class='ocrx_word' id='word_1_191' title='bbox 566 2837 641 2915; x_wconf 76' lang='lat' dir='ltr'><strong>ejas.</strong></span> <span class='ocrx_word' id='word_1_192' title='bbox 658 2837 788 2918; x_wconf 81' lang='lat' dir='ltr'><strong>Propter</strong></span> <span class='ocrx_word' id='word_1_193' title='bbox 806 2836 857 2898; x_wconf 82' lang='lat' dir='ltr'><strong>loc</strong></span> <span class='ocrx_word' id='word_1_194' title='bbox 870 2834 1015 2916; x_wconf 81' lang='lat' dir='ltr'><strong>relinquet</strong></span> 
     </span>
     <span class='ocr_line' id='line_1_28' title="bbox 79 2931 1011 3016; baseline -0.002 -20"><span class='ocrx_word' id='word_1_195' title='bbox 79 2935 165 2996; x_wconf 81' lang='lat' dir='ltr'><strong>loma</strong></span> <span class='ocrx_word' id='word_1_196' title='bbox 185 2944 300 3016; x_wconf 85' lang='lat' dir='ltr'><strong>patrem</strong></span> <span class='ocrx_word' id='word_1_197' title='bbox 322 2943 350 2995; x_wconf 87' lang='lat' dir='ltr'><strong>et</strong></span> <span class='ocrx_word' id='word_1_198' title='bbox 369 2943 492 2996; x_wconf 81' lang='lat' dir='ltr'><strong>matrem</strong></span> <span class='ocrx_word' id='word_1_199' title='bbox 515 2952 599 2995; x_wconf 79' lang='lat' dir='ltr'><strong>auom</strong></span> <span class='ocrx_word' id='word_1_200' title='bbox 618 2942 648 2996; x_wconf 87' lang='lat' dir='ltr'><strong>et</strong></span> <span class='ocrx_word' id='word_1_201' title='bbox 658 2933 819 2996; x_wconf 70' lang='lat' dir='ltr'><strong>adherebit</strong></span> <span class='ocrx_word' id='word_1_202' title='bbox 841 2931 932 2992; x_wconf 76' lang='lat' dir='ltr'><strong>acori</strong></span> <span class='ocrx_word' id='word_1_203' title='bbox 949 2951 1011 3010; x_wconf 78' lang='lat' dir='ltr'><strong>sao,</strong></span> 
     </span>
     <span class='ocr_line' id='line_1_29' title="bbox 77 3025 1011 3104; baseline -0.007 -14"><span class='ocrx_word' id='word_1_204' title='bbox 77 3037 108 3090; x_wconf 81' lang='lat' dir='ltr'><strong>et</strong></span> <span class='ocrx_word' id='word_1_205' title='bbox 118 3026 271 3091; x_wconf 70' lang='lat' dir='ltr'><strong>mardoo</strong></span> <span class='ocrx_word' id='word_1_206' title='bbox 284 3030 411 3090; x_wconf 76' lang='lat' dir='ltr'><strong>lacerae</strong></span> <span class='ocrx_word' id='word_1_207' title='bbox 422 3047 492 3088; x_wconf 81' lang='lat' dir='ltr'><strong>aaa.</strong></span> <span class='ocrx_word' id='word_1_208' title='bbox 508 3026 733 3090; x_wconf 78' lang='lat' dir='ltr'><strong>Sacramentum</strong></span> <span class='ocrx_word' id='word_1_209' title='bbox 747 3025 800 3086; x_wconf 80' lang='lat' dir='ltr'><strong>loc</strong></span> <span class='ocrx_word' id='word_1_210' title='bbox 812 3042 950 3104; x_wconf 75' lang='lat' dir='ltr'><strong>mayaam</strong></span> <span class='ocrx_word' id='word_1_211' title='bbox 960 3032 1011 3100; x_wconf 83' lang='lat' dir='ltr'><strong>eet,</strong></span> 
     </span>
     <span class='ocr_line' id='line_1_30' title="bbox 78 3119 1016 3206; baseline -0.004 -20"><span class='ocrx_word' id='word_1_212' title='bbox 78 3145 131 3206; x_wconf 80' lang='lat' dir='ltr'><strong>epo</strong></span> <span class='ocrx_word' id='word_1_213' title='bbox 143 3133 242 3186; x_wconf 81' lang='lat' dir='ltr'><strong>autem</strong></span> <span class='ocrx_word' id='word_1_214' title='bbox 255 3124 318 3185; x_wconf 83' lang='lat' dir='ltr'><strong>dico</strong></span> <span class='ocrx_word' id='word_1_215' title='bbox 332 3125 363 3186; x_wconf 82' lang='grc' dir='ltr'><strong>ιἰι</strong></span> <span class='ocrx_word' id='word_1_216' title='bbox 377 3123 497 3187; x_wconf 74' lang='lat' dir='ltr'><strong>Christo</strong></span> <span class='ocrx_word' id='word_1_217' title='bbox 509 3132 538 3186; x_wconf 88' lang='lat' dir='ltr'><strong>et</strong></span> <span class='ocrx_word' id='word_1_218' title='bbox 552 3125 583 3185; x_wconf 83' lang='lat' dir='ltr'><strong>ia</strong></span> <span class='ocrx_word' id='word_1_219' title='bbox 597 3122 743 3186; x_wconf 75' lang='lat' dir='ltr'><strong>Ecclesia.</strong></span> <span class='ocrx_word' id='word_1_220' title='bbox 766 3119 968 3182; x_wconf 82' lang='lat' dir='ltr'><strong>Verumtamen</strong></span> <span class='ocrx_word' id='word_1_221' title='bbox 987 3129 1016 3184; x_wconf 87' lang='lat' dir='ltr'><strong>et</strong></span> 
     </span>
    </p>
   </div>
   <div class='ocr_carea' id='block_1_5' title="bbox 77 3217 1016 3588">
    <p class='ocr_par' dir='ltr' id='par_1_8' title="bbox 77 3217 1016 3588">
     <span class='ocr_line' id='line_1_31' title="bbox 79 3217 1014 3303; baseline -0.004 -19"><span class='ocrx_word' id='word_1_222' title='bbox 79 3242 129 3284; x_wconf 85' lang='lat' dir='ltr'><strong>oce</strong></span> <span class='ocrx_word' id='word_1_223' title='bbox 141 3221 263 3303; x_wconf 75' lang='lat' dir='ltr'><strong>oioqcli,</strong></span> <span class='ocrx_word' id='word_1_224' title='bbox 280 3222 476 3302; x_wconf 73' lang='lat' dir='ltr'><strong>unaquoque</strong></span> <span class='ocrx_word' id='word_1_225' title='bbox 488 3239 609 3283; x_wconf 73' lang='lat' dir='ltr'><strong>uxorem</strong></span> <span class='ocrx_word' id='word_1_226' title='bbox 623 3238 707 3280; x_wconf 80' lang='lat' dir='ltr'><strong>auam</strong></span> <span class='ocrx_word' id='word_1_227' title='bbox 720 3218 795 3290; x_wconf 80' lang='lat' dir='ltr'><strong>sicut</strong></span> <span class='ocrx_word' id='word_1_228' title='bbox 807 3218 933 3298; x_wconf 82' lang='lat' dir='ltr'><strong>seipsum</strong></span> <span class='ocrx_word' id='word_1_229' title='bbox 946 3217 1014 3280; x_wconf 82' lang='lat' dir='ltr'><strong>dili-</strong></span> 
     </span>
     <span class='ocr_line' id='line_1_32' title="bbox 77 3315 1016 3399; baseline -0.003 -21"><span class='ocrx_word' id='word_1_230' title='bbox 77 3327 152 3399; x_wconf 73' lang='lat' dir='ltr'><strong>pat,</strong></span> <span class='ocrx_word' id='word_1_231' title='bbox 173 3327 369 3380; x_wconf 73' lang='lat' dir='ltr'><strong>uxorculam</strong></span> <span class='ocrx_word' id='word_1_232' title='bbox 391 3318 493 3379; x_wconf 86' lang='lat' dir='ltr'><strong>timeat</strong></span> <span class='ocrx_word' id='word_1_233' title='bbox 518 3322 615 3378; x_wconf 78' lang='lat' dir='ltr'><strong>virum</strong></span> <span class='ocrx_word' id='word_1_234' title='bbox 637 3333 732 3376; x_wconf 79' lang='lat' dir='ltr'><strong>suum.</strong></span> <span class='ocrx_word' id='word_1_235' title='bbox 756 3317 897 3396; x_wconf 78' lang='lat' dir='ltr'><strong>-Ergo</strong></span> <span class='ocrx_word' id='word_1_236' title='bbox 916 3315 1016 3377; x_wconf 88' lang='lat' dir='ltr'><strong>voluit</strong></span> 
     </span>
     <span class='ocr_line' id='line_1_33' title="bbox 79 3410 1014 3492; baseline -0.009 -15"><span class='ocrx_word' id='word_1_237' title='bbox 79 3416 223 3477; x_wconf 78' lang='lat' dir='ltr'><strong>Christus</strong></span> <span class='ocrx_word' id='word_1_238' title='bbox 249 3417 285 3475; x_wconf 89' lang='lat' dir='ltr'><strong>nl</strong></span> <span class='ocrx_word' id='word_1_239' title='bbox 311 3413 548 3476; x_wconf 84' lang='lat' dir='ltr'><strong>matrimonium</strong></span> <span class='ocrx_word' id='word_1_240' title='bbox 575 3415 659 3475; x_wconf 83' lang='lat' dir='ltr'><strong>esset</strong></span> <span class='ocrx_word' id='word_1_241' title='bbox 685 3412 811 3492; x_wconf 83' lang='lat' dir='ltr'><strong>signum</strong></span> <span class='ocrx_word' id='word_1_242' title='bbox 845 3410 1014 3492; x_wconf 78' lang='lat' dir='ltr'><strong>spiritualis</strong></span> 
     </span>
     <span class='ocr_line' id='line_1_34' title="bbox 80 3506 322 3588; baseline -0.008 -19"><span class='ocrx_word' id='word_1_243' title='bbox 80 3506 322 3588; x_wconf 87' lang='lat' dir='ltr'><strong>conjunctionis.</strong></span> 
     </span>
    </p>
   </div>
   <div class='ocr_carea' id='block_1_6' title="bbox 0 0 1231 4125">
    <p class='ocr_par' dir='ltr' id='par_1_9' title="bbox 0 0 1231 4125">
     <span class='ocr_line' id='line_1_35' title="bbox 0 0 1231 4125; baseline 0 0"><span class='ocrx_word' id='word_1_244' title='bbox 0 0 1231 4125; x_wconf 95' lang='lat' dir='ltr'><strong> </strong></span> 
     </span>
    </p>
   </div>
  </div>
 </body>
</html>
