2442 4125
196 296 252 357 tas
400 302 735 352 1usr1rnriouss1os1s
758 298 915 349 cruorum.

195 446 1136 527 trimoniumineipersnonpoterant(ingenereloquendo);

196 563 271 626 ergo
286 545 330 624 (in
344 563 460 626 genere
469 542 641 624 loquendo)
651 543 876 623 impedimento
887 545 1138 621 superveniente
1197 575 1198 633 p

197 642 372 702 solvuntur.
650 636 654 643 ’

236 740 272 800 ln
285 738 389 818 speeie
403 754 478 799 vero
500 735 759 815 distinguendum
781 740 838 813 est,
863 754 905 797 an
925 737 1139 817 impedimen·
1199 814 1200 823 ἵ

197 840 264 897 tom
279 835 319 895 sit
332 833 482 896 dirimens
496 849 607 893 neena.
625 832 658 893 Si
668 831 708 893 sit
720 832 881 909 dirimens,
895 834 1139 896 matrimonium
1199 828 1200 831 ’

198 931 340 991 absolute
355 929 525 990 consistere
540 946 602 989 non
617 931 730 1007 potest,
747 931 778 988 et
790 928 1039 1005 impossibilium
1054 929 1139 989 nulla
1200 946 1201 949 ¹

199 1026 347 1106 obligatio
362 1031 419 1088 est.
444 1027 478 1089 Si
498 1044 573 1087 vero
594 1025 635 1086 sit
653 1024 845 1103 impediens;
869 1030 925 1086 aut
946 1026 1058 1088 reddit
1075 1043 1138 1085 ma·

197 1121 379 1185 trimonium
408 1124 534 1184 omnino
563 1121 716 1198 illicitum,
747 1123 778 1181 et
801 1121 883 1182 redit
906 1122 995 1181 idem
1022 1122 1139 1200 prinoi-

198 1216 303 1295 pium,
320 1234 392 1278 eum
410 1235 502 1278 nemo
521 1217 563 1277 ad
584 1215 839 1295 immoralitatem
862 1221 960 1293 queat
981 1215 1135 1295 obligari;

199 1316 331 1375 autnon
353 1313 398 1374 ita
420 1319 478 1389 est,
503 1312 559 1372 sed
582 1312 688 1391 aliquo
711 1312 805 1371 modo
829 1312 979 1373 sustineri
1005 1318 1138 1391 possunt

199 1409 367 1490 sponsalia,
384 1414 416 1470 et
429 1408 621 1471 sustinentur
636 1410 789 1488 quantum
802 1411 945 1487 possunt.

238 1509 297 1585 lta,
309 1526 358 1568 ex.
371 1525 433 1586 gr,
452 1509 560 1567 votum
574 1504 705 1582 simplex
721 1508 880 1583 perpetuae
895 1504 1054 1566 eastitatis
1068 1506 1137 1582 post

199 1603 358 1681 sponsalia
371 1602 531 1676 emissum,
543 1600 715 1661 sustinetur
729 1618 766 1659 ex
781 1617 818 1659 ea
831 1604 920 1677 perte
930 1618 996 1679 qua
1008 1618 1072 1660 non
1083 1602 1135 1659 im·

199 1697 287 1775 pedit
304 1696 356 1774 jus
375 1695 513 1771 alterius,
528 1696 573 1756 ita
593 1699 629 1757 ut
641 1696 835 1774 intelligatur
854 1696 1063 1757 renuntiasse
1073 1696 1135 1776 juri

200 1789 328 1867 petendi
341 1789 469 1850 alterius
484 1790 720 1869 obligationem,
743 1808 805 1852 non
820 1794 927 1851 autem
941 1810 976 1851 se
996 1793 1136 1852 substra·
1207 1777 1208 1793 ἶ

200 1884 281 1944 risse
295 1883 335 1943 ab
350 1882 552 1961 adimplenda
572 1884 809 1965 obligationem
824 1884 970 1945 fraudem
992 1886 1133 1947 alterius.

242 1978 310 2036 Non
324 1975 415 2037 aliter
425 1974 497 2055 jure
511 1994 653 2054 romano,
668 1978 690 2037 l.
707 1980 746 2039 65
761 1980 796 2039 P.
813 1995 869 2055 pro
885 1978 979 2039 sociis
992 1980 1012 2058 ἕ
1027 1984 1057 2057 6,
1073 1984 1136 2041 sta·
1209 2017 1210 2025 κ

200 2078 303 2136 tutum
317 2076 365 2134 est
386 2076 421 2134 ut
441 2074 468 2134 si
487 2073 558 2153 quis
577 2073 663 2146 initae
686 2074 829 2134 societati
848 2078 921 2135 ante
942 2078 1070 2154 tempus
1091 2095 1136 2136 re-

202 2171 335 2247 nuntiet,
350 2190 370 2230 a
383 2189 417 2232 se
438 2170 551 2231 liberet
570 2169 701 2246 sosium,
724 2187 787 2230 non
808 2169 921 2231 liberet
940 2189 975 2230 se
997 2191 1018 2232 a
1039 2174 1132 2234 socio.

201 2266 296 2341 Atqui
310 2267 511 2328 Innocentius
524 2267 566 2327 ΙΙΙ
582 2265 622 2345 (e.
640 2282 676 2341 11,
693 2266 724 2326 b.
742 2265 779 2344 t.)
799 2269 963 2344 comparat
977 2269 1136 2346 sponsalia

201 2358 360 2431 societati3
378 2378 464 2438 ergo,
482 2362 595 2423 emisso
614 2365 688 2422 voto
706 2380 726 2422 e
745 2379 859 2439 sponso
879 2379 943 2422 non
961 2363 1078 2440 poterit
1097 2363 1136 2424 ab

202 2468 240 2511 eo
260 2469 376 2530 sponsa
397 2455 437 2513 ad
458 2456 694 2517 matrimonium
712 2457 964 2518 oontrehendum
983 2458 1134 2539 obligari;

202 2547 265 2609 imo
289 2549 329 2610 ob
351 2551 516 2612 mentitam
538 2553 651 2630 fidem,
677 2553 806 2614 habebit
828 2552 949 2631 justam'
976 2555 1135 2616 resiliendi

202 2641 342 2721 eausam,
359 2645 431 2707 etsi
452 2647 506 2708 ille
525 2646 655 2725 resiliat,
678 2649 731 2728 qni
751 2649 837 2710 vovit
857 2649 1022 2710 servandae
1044 2651 1137 2712 easti-

201 2745 275 2806 tatis
289 2748 432 2804 remanet
446 2743 614 2824 obligatus.
631 2747 673 2807 At
685 2746 711 2805 si
726 2745 779 2829 illa
793 2748 915 2824 peterat
936 2746 1138 2825 obligationis

202 2836 493 2914 adimplementum,
518 2854 580 2897 uon
603 2844 750 2898 censetur
766 2837 832 2917 juri
851 2837 981 2898 alterius
1004 2839 1139 2918 deroge-

202 2940 279 2997 tum.
297 2935 355 3008 Qui
370 2933 467 3010 vovit,
484 2934 588 2996 amisit
601 2935 730 3012 petendi
740 2935 804 3016 jus,
821 2952 884 2995 non
898 2936 1057 2997 reddendi
1069 2936 1138 2998 offi-

202 3050 296 3093 etum.

242 3128 276 3186 C.
291 3159 332 3171 ·—
344 3127 470 3189 Mutatio
482 3144 549 3207 quae
561 3126 589 3186 si
602 3127 728 3206 proevisu
747 3125 858 3207 suisset,
881 3131 941 3189 ete.
964 3128 1137 3190 Praemissis

202 3219 235 3277 in
250 3220 384 3297 nasibus,
397 3223 470 3302 jure
484 3224 552 3301 ipso
570 3222 735 3284 solvuntur
749 3223 923 3302 sponsalis3
945 3225 1003 3286 sed
1021 3225 1136 3286 adsunt

203 3331 294 3375 nasus
307 3317 340 3375 in
355 3321 467 3396 quibus
481 3320 550 3397 ipso
562 3319 634 3399 jure
650 3337 713 3382 non
724 3320 887 3392 solvuntur
897 3323 1068 3400 sponsalia,
1081 3322 1136 3382 sed

203 3411 297 3470 datur
313 3411 399 3490 justa
419 3414 577 3477 resiliendi
597 3435 703 3478 eausa.
725 3416 808 3478 Talis
827 3435 918 3478 casus
938 3423 986 3482 est
1003 3418 1138 3480 mutatio

203 3506 310 3583 aliqua
323 3523 393 3583 quae
408 3507 434 3564 si
456 3506 565 3569 inisset
583 3511 728 3586 praevisa,
752 3512 857 3589 sponsi
879 3530 942 3574 non
964 3514 1138 3576 connexis-
