2442 4125
156 230 195 287 44
364 240 593 289 lnsrtrurlotlns
614 242 697 289 tutus
720 242 877 291 ottoniel.

157 387 357 463 sacrificium,
380 386 480 468 quod,
504 388 585 450 sicut
607 391 675 451 erat
698 392 820 457 cruenti
843 392 926 456 illius
950 398 1040 476 quod
1065 400 1099 461 in

158 505 250 548 cruce
265 485 443 547 absolutum
457 492 505 547 est
519 488 816 567 representatione,
828 493 873 554 ita
886 494 971 557 illius
986 498 1100 559 vivam

158 583 341 645 memoriam
363 583 395 644 in
414 582 554 646 Ecclesia
577 588 790 664 perpetuaret.
815 590 1016 653 Sacrificium
1040 613 1101 655 au·

158 681 237 757 tem,
254 684 289 744 ut
312 680 408 759 scitis,
430 684 477 743 est
499 680 661 759 precipua
681 700 757 762 pars
780 686 884 749 cultus
907 687 1042 766 publici,
1068 695 1104 753 et

159 777 305 839 solemnis
337 780 482 859 quaedam
512 778 593 839 actio
618 798 682 859 que
704 782 832 859 speciali
862 785 1004 864 quodam
1031 787 1103 849 ritu

159 876 341 953 servitutem
355 879 495 938 nostram
508 876 573 937 Dee
588 877 782 954 profitemur.

200 975 265 1033 Hoc
293 974 411 1052 posito,
438 991 535 1054 quom
558 990 597 1033 ea
619 973 715 1034 fuerit
740 977 950 1053 reparationis
976 986 1102 1043 nostrae

161 1066 347 1143 oeconomia,
361 1069 405 1142 ut,
419 1066 686 1146 quemadmodum
696 1086 752 1145 per
761 1068 922 1131 Christum
936 1073 1103 1154 redempti

160 1180 268 1224 sumus
286 1162 332 1223 ite
345 1166 377 1225 ct
390 1181 446 1243 per
467 1162 625 1225 Christum
646 1163 834 1225 accedamus
849 1166 890 1227 ad
905 1168 1018 1244 Deum,
1035 1170 1104 1232 hoc

161 1260 346 1323 admirabile
361 1263 593 1322 sacramentum
607 1260 714 1338 inquo
729 1262 870 1325 Christus
883 1265 952 1345 ipse
967 1268 1105 1329 realiter

162 1358 341 1422 continetur
359 1363 391 1419 et
408 1358 571 1419 incruente
595 1358 727 1418 offertur
747 1363 779 1419 et
798 1359 993 1439 immolatur,
1010 1365 1107 1426 velut
1218 1351 1220 1361 Α

162 1464 306 1521 centrum
327 1455 429 1518 cultus
450 1452 566 1533 publici
581 1454 614 1513 in
629 1453 780 1533 religione
802 1455 975 1519 christiana
995 1462 1106 1522 consi-

163 1555 308 1617 deratum
322 1558 378 1617 est.
396 1550 609 1615 consideratio
631 1549 726 1631 hujus
744 1555 933 1617 sacramenti
954 1556 1015 1617 snb
1037 1558 1108 1621 hoc
1218 1547 1220 1574 ¹

163 1654 308 1730 respectu
329 1650 370 1711 ad
392 1645 645 1711 determinandas
668 1666 796 1709 normas
819 1650 934 1729 quibus
955 1654 1109 1717 Ecclesia

163 1747 283 1809 cultum
302 1744 464 1824 publicum
484 1743 667 1805 moderetur
686 1744 771 1806 circe
783 1743 873 1822 illud,
891 1763 950 1808 nec
971 1749 1108 1813 theolo-

163 1844 246 1925 gice,
262 1860 321 1905 nec
335 1841 473 1918 moralis,
489 1839 545 1901 sed
561 1828 699 1904 scientie?
719 1843 834 1905 uostrae
856 1844 1023 1921 provincia
1036 1855 1103 1909 est.

164 1943 203 2005 nt
217 1958 314 2022 quum
329 1938 380 2001 hic
395 1938 503 1999 cultus
517 1936 639 1997 ratione
660 1936 776 2017 objecti
796 1956 865 2000 rem
884 1950 1108 2004 sacramentu-

164 2039 245 2102 riam
258 2034 415 2118 respiciat,
431 2034 467 2097 fit
481 2036 515 2097 ut
529 2033 568 2096 dc
590 2050 627 2094 eo
642 2032 737 2094 modo
753 2033 930 2114 loquemur,
946 2036 1022 2100 licet
1036 2038 1111 2100 alia

166 2136 271 2199 omnia
293 2152 362 2215 quae
384 2127 688 2210 cultum'publioum
710 2131 883 2211 respiciunt
903 2132 945 2194 ad
963 2134 1110 2198 alteram

166 2237 289 2309 partem
309 2247 478 2305 reservem,
500 2227 545 2288 uti
567 2242 659 2287 usum
679 2225 719 2287 de
741 2228 889 2290 exercitio
912 2229 985 2292 vitae
1004 2231 1112 2309 spiri-
1220 2223 1221 2240 *

166 2324 260 2387 tnalis
269 2341 325 2384 seu
335 2323 484 2399 virtutem
498 2322 751 2400 christianarum,
764 2327 796 2386 et
805 2323 964 2404 praeoipue
974 2326 1113 2392 virtutis

166 2418 337 2499 religionis.

207 2515 298 2578 Adde
313 2513 396 2595 quod
412 2512 600 2576 sacrificium
615 2514 869 2593 eucharisticum,
887 2537 985 2598 quum
1000 2519 1114 2600 impe-

168 2610 335 2675 tretcrium
356 2609 396 2673 sit
417 2615 448 2673 et
461 2609 725 2690 propitiatorium,
741 2611 878 2690 ideoque
898 2631 998 2692 capax
1020 2617 1113 2681 obti-

168 2706 262 2772 nendi
278 2725 297 2768 a
311 2709 376 2769 Deo
391 2705 551 2768 uberrima
569 2703 678 2784 gratiae
693 2703 809 2774 auxilia
823 2705 864 2766 ad
879 2708 1116 2775 sanctificatio—

168 2826 240 2868 nem
255 2809 405 2882 nostrsm,
419 2802 536 2882 optime
552 2801 591 2863 de
603 2819 641 2862 eo
656 2800 707 2861 hic
721 2802 806 2864 cudit
820 2821 922 2864 sermo
932 2806 987 2866 ubi
995 2824 1113 2874 sermo

168 2906 215 2965 est
229 2903 268 2964 de
282 2901 376 2964 rebus
392 2899 432 2962 ad
447 2897 559 2960 animae
574 2898 692 2970 nostrae
705 2896 985 2961 sanctificationem
1000 2920 1021 2962 a
1034 2904 1113 2968 Deo

167 2997 326 3060 institutis.

208 3094 250 3154 Ut
260 3089 483 3152 autemisthaec
497 3087 655 3165 tractatio,
667 3087 854 3150 brevissima
864 3090 1004 3170 quidem,
1018 3095 1115 3157 ordi.

169 3193 244 3250 nata
256 3189 362 3249 tamen
377 3183 501 3262 evadat,
519 3204 556 3246 ex
571 3183 688 3262 duplici
703 3188 925 3266 respectuque
940 3187 1004 3248 dixi
1018 3207 1114 3267 pone

168 3283 399 3348 Eucharistiam
419 3279 610 3342 considerari
624 3279 658 3340 in
673 3279 783 3342 ordine
803 3282 843 3343 ed
858 3282 977 3345 cultum
999 3285 1115 3362 publi.

169 3397 253 3456 oum,
270 3378 321 3441 vel
334 3378 490 3460 quotenus
504 3377 669 3438 conficitur
682 3394 739 3455 per
753 3375 952 3454 sacrificium,
965 3379 1016 3440 vel
1026 3399 1112 3460 qua.

170 3482 260 3541 tenos
281 3477 390 3554 cultus
404 3476 500 3538 nostri
523 3474 683 3555 objectum
704 3475 859 3553 continet,
875 3511 915 3522 -
930 3479 961 3536 l⁰
975 3479 1114 3559 Loquar
