2442 4125
344 278 386 323 ue
405 275 536 325 omnam
554 276 638 324 sunm
660 276 817 325 cssomcr.
990 267 1048 327 llll

101 423 202 487 ricali
218 443 226 485 :
241 422 347 503 prima
359 420 415 483 illa
427 420 576 501 relinquit
585 420 700 483 clerico
710 420 909 503 privilegium
918 424 1049 485 canoms

102 526 145 585 et
166 519 238 596 fari,
264 519 333 581 hac
354 518 462 579 omnia
482 517 565 579 tollit
585 516 662 597 jura
685 518 853 581 clericalia.
879 520 915 581 lu
943 520 1047 599 speeie

102 634 189 678 vcro
202 615 299 677 variae
314 613 430 676 dantur
446 612 683 692 degradationis
702 618 734 676 et
753 614 958 693 depositionis
976 634 1049 695 spe-

103 731 188 777 caes.

152 808 313 887 Depositio
326 807 397 886 ipsa
409 806 441 868 iu
455 806 560 885 specie
573 808 701 886 sumpta
714 808 819 885 potest
832 824 900 870 esse
913 807 964 870 vel
977 826 1048 887 par·

103 903 206 980 tialis,
222 902 370 984 videlicet
383 901 495 980 positio
509 900 550 962 de
563 900 666 980 gradu
680 900 782 963 altiori
798 900 838 961 ad
852 900 987 980 gradum
1000 901 1049 961 in-

105 997 272 1074 feriorem,
294 1002 442 1059 manente
461 996 684 1059 commuuione
705 996 841 1059 clericali
861 996 894 1057 in
915 1014 972 1059 suo
993 1014 1050 1077 ge·

106 1111 201 1169 nere,
216 1100 250 1154 et
271 1094 374 1154 solum
395 1092 563 1155 imminuta
584 1093 618 1153 in
641 1094 747 1172 specie
770 1092 876 1173 quoad
898 1092 1046 1155 determi-

108 1194 224 1252 natum
237 1189 376 1269 aliquem
389 1187 535 1268 gradum.

151 1285 344 1366 Degradatin
365 1301 441 1346 sero
462 1302 534 1363 quae
555 1283 699 1345 absolute
719 1283 822 1365 rejicit
844 1285 993 1348 clericum
1015 1287 1047 1347 in

106 1380 227 1441 laicam
241 1381 496 1442 communionem
508 1383 613 1458 potest
627 1398 694 1441 esse
715 1381 764 1442 vel
786 1380 910 1442 oebals's
929 1382 979 1444 vel
1000 1401 1050 1443 ae-

109 1476 204 1537 taalis
216 1495 273 1537 sen
286 1475 374 1537 rsolsir
388 1496 400 1536 :
414 1477 460 1537 ita
472 1475 575 1538 Bonis.
598 1476 679 1539 v111.
702 1508 743 1521 —
767 1476 896 1537 Verbalis
914 1481 962 1539 est
979 1477 1049 1556 ipae

107 1572 247 1652 prolatio
261 1571 425 1634 sententiae
438 1589 497 1652 per
510 1588 607 1652 quam
618 1570 718 1652 judex
738 1571 968 1633 ecclesiasticus
989 1571 1050 1633 cle·

108 1669 214 1729 uicum
228 1667 313 1748 ejicit
327 1666 366 1728 de
380 1666 495 1745 gradu,
511 1670 544 1729 et
555 1666 624 1730 loro
641 1666 741 1729 laicali
752 1666 881 1729 addicit.
898 1668 1047 1731 Hannon

108 1763 230 1825 sufficit
242 1770 279 1823 ut
291 1762 421 1824 canonis
434 1761 635 1842 privilegium
649 1764 821 1825 amittatur.
833 1795 874 1809 -
887 1762 986 1825 Reolis
1000 1768 1048 1827 est

108 1859 256 1940 lugubris
269 1863 303 1921 et
315 1857 464 1919 solemnis
482 1860 673 1921 ceremonia
689 1877 754 1939 qua
773 1860 815 1921 ab
836 1860 1049 1922 ecelesiastica

108 1954 300 2015 auctoritate
322 1954 440 2025 clerico
462 1954 674 2015 detrahuntur
696 1955 746 2016 sui
769 1956 888 2016 ordinis
911 1956 1049 2035 insignia

109 2050 216 2133 gradu
229 2052 354 2113 inverso
370 2069 433 2130 quc
447 2048 646 2112 ordinatiane
661 2050 704 2111 illi
719 2050 836 2112 tradita
850 2054 934 2128 sunt,
955 2055 987 2112 et
1004 2051 1049 2112 ita

111 2165 220 2210 coram
247 2146 329 2208 facie
352 2147 499 2210 Ecclesia
523 2145 677 2226 redigitur
700 2147 738 2206 ad
763 2163 885 2206 meram
908 2162 1049 2207 commu-

108 2245 241 2306 nionem
261 2244 417 2306 laicalem.
447 2247 516 2305 Non
543 2260 635 2305 secus
660 2241 776 2306 milites
802 2242 951 2304 detractis
974 2241 1050 2302 iusi-

110 2339 228 2420 gnihus
242 2339 431 2401 militaribus
443 2345 698 2402 exauctorantur.
715 2340 791 2400 Haec
804 2355 879 2400 vero
898 2355 1050 2402 ceremo-

111 2436 168 2496 nia
180 2434 286 2515 quoad
300 2435 438 2496 minores
452 2435 578 2496 ordines
591 2440 624 2499 el
643 2435 777 2515 primam
796 2440 960 2500 tonsuram
981 2437 1049 2514 plu·

110 2529 202 2591 ribus
214 2529 248 2589 in
261 2529 338 2592 locis
351 2531 485 2590 remissa
499 2533 557 2591 est.

99 2689 104 2698 .
152 2634 201 2694 lta
209 2629 323 2693 videtis
332 2628 574 2708 quomodoliaet
583 2628 756 2709 acquisitus
766 2647 823 2708 per
832 2628 1049 2688 characterem

111 2725 387 2801 sacramentalem,
403 2725 546 2786 internus
559 2724 665 2786 clerici
680 2725 730 2785 vel
740 2722 903 2785 christiani
912 2719 1049 2783 hominis

110 2824 225 2897 status,
246 2819 321 2881 licet
339 2818 530 2896 indelebilis,
553 2819 641 2880 nulla
664 2819 870 2903 diminutione
894 2833 994 2894 capax
1019 2818 1050 2876 et

111 2915 336 2992 inamissibilis,
353 2920 501 2976 externus
516 2913 569 2994 qui
583 2915 628 2976 illi
647 2914 817 2994 respondet
834 2913 867 2974 iu
886 2910 1048 2972 ecclesias-

110 3011 176 3072 tica
189 3007 356 3086 disciplina
367 3011 473 3086 potest
481 3008 513 3069 in
523 3025 652 3093 paenam
662 3007 707 3070 ita
716 3003 825 3079 minui,
838 3007 873 3064 ut
881 3002 1047 3082 episcopus

111 3106 221 3181 etiam,
244 3104 298 3184 qui
318 3122 501 3182 supremum
522 3102 643 3165 obtinet
663 3101 798 3182 gradum
817 3100 850 3160 in
872 3097 1051 3162 hierarchia

112 3202 234 3264 ordinis
248 3201 413 3272 clericalis,
429 3203 557 3262 externo
571 3203 674 3275 statu,
689 3197 785 3268 etiam
800 3197 950 3278 simplicis
964 3195 1049 3273 laici,

110 3296 145 3357 in
159 3295 301 3357 Ecclesia
313 3295 430 3375 privari
444 3294 558 3376 potuit.

153 3392 301 3472 oportuit
313 3393 407 3454 simul
420 3393 613 3473 conjungere
631 3391 851 3454 mactationem
870 3391 911 3453 de
930 3388 1053 3452 emissi-

111 3489 234 3552 bilitate
248 3492 349 3552 status
364 3488 516 3552 clericalis
537 3491 569 3550 et
587 3490 688 3552 status
708 3490 887 3552 christianae
909 3503 1050 3550 commu-
