2442 4125
169 362 209 422 58
377 370 606 418 rusmrunrcnes
627 371 710 417 roan
732 367 887 416 cruorum.

170 521 282 599 urgeat
305 515 365 577 hcc
388 519 580 595 praeceptum
602 516 730 596 quando
753 516 803 578 vel
827 517 928 576 honor
949 520 980 579 et
1001 516 1106 580 cultus

168 617 236 675 ileo
255 610 389 688 debitus,
405 610 455 670 vel
474 611 660 689 obsequium
679 629 755 690 erga
773 611 992 674 auctoritatem
1007 611 1108 672 eccle·

171 705 329 767 siasticam
345 704 590 784 precipientem,
607 703 658 765 vel
679 705 797 766 utilitas
816 703 966 783 proximis
985 704 1108 784 impen-

171 800 286 877 denda,
301 799 476 879 prasertim
489 797 522 858 in
536 803 805 860 sacramentorum
819 797 1105 877 administratione,

171 894 416 956 celebrationem
436 894 530 954 istam
552 895 736 972 postularet.
763 893 826 956 Sed
849 893 918 953 haee
938 893 1043 970 potius
1065 893 1108 953 ad

172 989 373 1050 moralistas:
396 993 537 1050 nostrum
555 991 659 1069 potius
679 989 836 1070 inquirere
856 988 949 1068 quale
967 1003 1110 1068 praecep·

171 1089 239 1147 tum
260 1084 353 1144 detur
373 1084 414 1144 ab
434 1085 575 1147 Ecclesia
594 1087 627 1146 in
650 1087 759 1148 ordine
781 1087 822 1148 ad
841 1088 922 1148 banc
940 1085 1109 1148 Missarum

173 1179 428 1259 celebratIonem,
457 1185 492 1244 nt
517 1182 591 1243 inde
616 1182 810 1244 deducamus
839 1181 939 1262 qualis
968 1179 1110 1244 obtineat

173 1280 303 1338 externa
329 1277 476 1339 Ecclesia
500 1279 676 1340 oeconcmia
704 1279 807 1358 quoad
829 1278 925 1341 istud.
951 1278 1033 1356 argo
1054 1276 1110 1358 jus

173 1389 339 1434 commune
353 1373 517 1453 distinguit
529 1375 612 1436 inter
626 1375 797 1454 simplicem
809 1372 1002 1436 sacerdotem
1013 1376 1045 1435 et
1059 1391 1109 1434 sa-

174 1467 319 1530 cerdotes
346 1469 400 1548 qui
427 1469 554 1549 speciali
581 1469 686 1549 aliquo
710 1470 798 1533 titulo
821 1469 863 1531 ad
886 1468 946 1530 hcc
969 1467 1109 1531 officium

173 1567 351 1628 teneantur.

214 1660 325 1731 Quoad
342 1660 499 1740 simplices
516 1661 707 1739 sacerdotes,
728 1655 815 1725 Trid.
835 1679 911 1724 sess.
928 1663 978 1738 23,
994 1677 1022 1722 c.
1040 1662 1079 1722 ll
1096 1680 1106 1724 z

179 1753 303 1815 aduret
315 1755 480 1834 episcopus
497 1761 534 1818 ut
550 1756 729 1818 sacerdotes
748 1757 859 1819 saltem
878 1755 987 1816 diebus
1006 1753 1111 1817 domi·

175 1847 253 1910 nicis
267 1852 299 1910 et
311 1847 397 1911 iestis
410 1851 602 1912 solemnibus
617 1851 787 1914 celebrant.
804 1873 819 1910 n
841 1852 909 1912 lnn.
926 1849 967 1910 lll
985 1847 1018 1908 in
1035 1865 1107 1928 cap.

175 1943 321 2007 linientes
339 1943 380 2006 de
399 1945 609 2010 celebratione
627 1947 803 2023 Missurum,
825 1943 981 2025 improbat
999 1959 1111 2006 eurum

175 2040 399 2123 negligentiam
421 2043 474 2126 qui
498 2044 551 2108 vix
571 2047 683 2126 quater
703 2044 735 2106 in
759 2062 841 2107 annu
865 2039 1107 2106 celebrabant..·.

176 2142 322 2202 Ceterum
343 2139 417 2202 licet
438 2140 586 2205 ardenter
609 2129 715 2219 cupiat
737 2139 876 2201 Ecclesia
899 2137 1107 2216 frequentem,

176 2236 240 2296 imo
251 2236 467 2315 quotidianam
475 2236 569 2315 hujus
578 2234 722 2297 sacrificii
735 2235 979 2297 celebrationem
988 2231 1058 2293 fieri
1068 2233 1109 2295 ab

175 2330 322 2391 omnibus
341 2329 569 2409 sacerdotibus,
584 2336 691 2393 tamen
710 2331 888 2395 absolutum
903 2333 1108 2411 preceptum,

175 2423 430 2505 praesentiusue
452 2426 553 2503 gravi,
579 2445 642 2488 nun
662 2430 765 2508 potest
785 2425 1003 2490 demonstrari.
1029 2428 1110 2487 Nam

176 2514 342 2577 decretalis
357 2517 538 2598 innocentii,
555 2521 631 2581 dum
645 2521 802 2601 improbat
814 2520 1045 2599 infrequentem
1058 2536 1110 2580 ee·

176 2609 394 2689 lebraticnem,
411 2630 474 2674 non
487 2617 663 2694 prescribit
674 2618 741 2679 dics
756 2615 948 2678 celebrandi.
960 2613 1110 2679 Dubitant

176 2706 302 2770 anillud
312 2719 393 2771 curet
399 2711 589 2776 (lonclrid.
597 2715 663 2776 vim
675 2714 790 2777 hebeat
800 2712 959 2793 precepti,
970 2711 1109 2791 etpcsitc

177 2804 272 2868 etiam
290 2807 376 2888 quod
395 2825 465 2869 eam
482 2810 609 2889 habeat,
626 2830 667 2873 an
687 2811 804 2891 obliget
822 2809 879 2870 sub
897 2808 1016 2871 lethali.
1034 2810 1110 2881 Qnae

178 2918 276 2981 quum
289 2902 333 2965 ita
346 2904 419 2982 sint,
436 2907 580 2968 concludi
595 2909 689 2970 debet
708 2906 879 2969 Ecclesiam
894 2903 1049 2966 remisisse
1068 2904 1110 2967 ad

178 3013 288 3057 curam
301 2998 438 3080 episcopi
453 3005 488 3063 ut
500 3002 612 3063 diebus
626 3004 738 3064 saltem
752 3000 943 3063 solemnibus
961 3002 993 3061 et
1011 2998 1112 3060 domi·

178 3091 256 3151 nicis
278 3096 457 3157 sacerdotes
480 3099 607 3161 Missam
630 3099 788 3161 celebrent
811 3116 818 3158 :
842 3096 986 3159 vitandos
1004 3097 1112 3156 autem

179 3204 248 3248 esse
263 3188 344 3249 duos
357 3208 513 3274 excessus,
530 3197 596 3259 sive
614 3214 724 3259 eorum
738 3196 791 3277 qui
806 3196 914 3261 dicunt
931 3192 1112 3254 secerdotes

179 3283 319 3363 legitime
333 3304 395 3347 non
411 3289 577 3370 impeditos
590 3295 629 3355 iis
643 3295 753 3355 diebus
770 3293 946 3355 omittentes
965 3288 1046 3350 sacri
1061 3306 1112 3350 ec·

179 3382 386 3445 lebraticnem
399 3391 573 3474 mortaliter
581 3409 723 3471 peccare,
737 3390 801 3451 sive
812 3406 922 3450 eorum
936 3387 990 3468 qui
1003 3386 1114 3451 dicunt

180 3480 344 3543 venialiter
361 3488 485 3548 tantum
504 3507 636 3569 peccare
657 3486 852 3553 sacerdotem
872 3486 926 3567 qui
949 3500 1113 3566 nunquam

178 3596 368 3661 perannum
383 3586 530 3650 celebret.
