2442 4125
316 400 355 443 on
377 398 507 445 osseam
526 399 609 444 mars
632 398 788 445 cesorum.
962 386 1019 447 ll'l

210 544 329 620 surpet,
346 557 417 621 quae
431 540 560 602 alterins
578 542 773 620 provinciam
793 558 856 604 non
874 542 1016 606 invadat.

192 749 197 774 ν’
227 734 389 815 guendum
416 737 464 795 est
489 752 529 793 an
557 750 661 795 sermo
690 732 731 795 sit
757 734 796 794 de
820 732 1018 795 matrimonio

192 848 356 892 anorum:

201 954 204 965 ν
210 925 319 1005 fideles,
332 925 397 1004 juri
411 924 547 986 naturali
561 928 593 985 et
607 924 713 985 divino
728 924 873 1004 subjecti,
888 924 954 1005 juri
967 942 1021 985 ee-

194 1022 259 1082 ”οο
273 1039 336 1081 non
347 1020 535 1098 subduntur,
548 1039 621 1081 oum
632 1021 877 1083 ecclesiasticam
887 1022 1020 1083 societa-

197 1134 326 1197 nquam
340 1116 457 1178 fuerint
473 1116 618 1197 ingressi.
641 1116 724 1195 Ergo
744 1117 899 1196 legislatio
921 1118 1020 1177 civilis

99 1243 107 1268 .
148 1231 174 1272 is
187 1212 392 1273 matrimoniis
405 1212 619 1289 moderandis,
636 1212 758 1272 nullum
771 1213 902 1274 limitem
924 1212 1020 1273 habet

78 1309 148 1370 nisi
163 1306 298 1387 quijure
317 1308 464 1384 naturali,
487 1308 536 1369 vel
558 1308 665 1370 divino
686 1308 732 1368 illi
753 1309 938 1369 constitutus
959 1312 1016 1369 cst.

78 1401 273 1465 Ecclesiam
287 1400 337 1460 his
350 1400 557 1462 matrimoniis
571 1400 691 1462 nullam
706 1400 764 1461 sihi
779 1405 882 1481 potest
897 1406 1019 1479 partem

79 1496 258 1571 vindicare,
274 1496 333 1555 nisi
348 1514 419 1556 eam
435 1514 530 1575 quam
545 1496 651 1573 hahet,
664 1496 856 1576 proutijuris
868 1494 1019 1557 naturalis

80 1597 116 1655 ei
132 1590 231 1653 divini
242 1592 398 1670 interpres
412 1591 631 1653 auctoritativa
646 1597 677 1653 et
690 1590 873 1651 infallibilis.

124 1692 191 1750 Lex
212 1687 311 1749 civilis
335 1705 407 1767 qoae
425 1686 490 1766 juri
511 1688 648 1749 naturali
668 1688 719 1748 vel
740 1686 846 1747 divino
874 1686 1019 1765 opposita

80 1791 144 1860 est,
161 1801 224 1845 non
238 1786 286 1844 est
298 1782 359 1859 lex,
384 1801 443 1843 neo
462 1786 566 1861 potest
585 1783 631 1843 ita
651 1784 814 1845 attendere
836 1782 1017 1862 qualitatem

80 1878 172 1954 civis,
189 1881 225 1939 ut
238 1874 385 1938 excludat
399 1880 544 1937 naturam
567 1876 723 1951 hominis;
746 1894 808 1937 non
830 1877 944 1955 poterit
962 1893 1017 1936 un-

81 1972 297 2055 quamfacere
311 1975 348 2032 nt
367 1972 604 2033 matrimonium
626 1971 676 2046 sit,
700 1971 784 2050 quod
803 1971 874 2050 jure
897 1975 1017 2033 naturae

81 2089 147 2132 non
163 2072 221 2130 est.
243 2067 477 2130 Matrimonium
500 2067 590 2129 civile
610 2065 676 2146 juri
697 2066 833 2128 naturali
857 2073 889 2126 et
911 2066 1016 2126 divino

81 2164 276 2244 oppositum,
299 2167 382 2225 esset
405 2163 490 2226 fictio
516 2162 595 2243 juris
622 2179 693 2242 quse
715 2160 929 2223 consideraret
948 2165 1019 2222 tan-

82 2277 181 2341 quam
196 2259 442 2336 matrimonium,
460 2259 546 2339 quod
561 2260 623 2321 tale
638 2275 702 2319 non
717 2261 775 2333 est,
797 2257 927 2336 proinde
945 2257 1018 2317 sim·

81 2356 157 2435 pler
177 2358 308 2416 externa
326 2355 435 2430 unitio,
457 2355 609 2432 defensio,
634 2361 665 2416 et
678 2353 836 2434 {protectio
861 2353 1019 2415 societatis

81 2449 268 2526 immoralis,
285 2467 355 2530 quae
369 2451 626 2513 immortalitatem
640 2449 772 2526 foveret,
789 2453 821 2512 et
839 2450 957 2510 nullam
974 2448 1019 2509 illi

83 2542 175 2602 daret
185 2541 365 2621 juridicam,
381 2542 596 2619 intrinsecam,
614 2545 646 2603 et
658 2542 785 2621 proprie
806 2542 922 2604 dictam
944 2559 1019 2602 con-

83 2637 270 2698 sistentiam.

122 2735 223 2795 Porro
245 2733 388 2795 naturale
410 2733 685 2812 impedimentum,
709 2739 792 2794 certe
814 2735 920 2793 autem
939 2729 1017 2809 juris

82 2829 183 2892 divini
201 2829 463 2909 impedimentum
481 2834 529 2890 est
549 2847 556 2890 ε
579 2828 841 2907 consanguinitas
862 2827 893 2886 in
916 2825 1017 2902 primo

81 2927 187 3006 gradu
200 2927 252 2988 vel
270 2925 402 3002 directo,
418 2924 468 2986 vel
488 2930 679 3001 transverso,
697 2927 731 2985 ut
749 2927 858 3002 postea
879 2920 1018 2980 deelara-

81 3024 189 3083 himus
204 3021 286 3101 (cap.
304 3037 361 3084 vm
376 3020 416 3082 de
430 3020 604 3099 Divortiis);
621 3022 757 3100 ligamen
772 3034 845 3079 eum
859 3033 921 3078 unc
935 3017 1015 3093 viro,

81 3119 132 3179 vel
148 3135 258 3193 uxore,
276 3134 313 3178 eo
327 3117 464 3178 vivente.
480 3149 521 3160 —
537 3117 621 3194 Ergo
640 3115 690 3175 lex
711 3113 810 3174 civilis
831 3129 900 3191 quse
922 3111 1019 3172 eoho-

80 3217 225 3276 nestaret
237 3212 438 3274 matrimonia
450 3217 618 3290 parentum
632 3227 705 3271 cum
718 3209 800 3285 filiis,
817 3210 867 3270 vel
886 3209 1019 3270 fratrum

81 3329 155 3372 oum
177 3309 350 3385 sororibus,
365 3309 563 3387 polyviriam,
580 3307 631 3367 vel
653 3305 877 3385 polygamiam,
898 3305 949 3364 vel
970 3299 1019 3364 di-

80 3409 221 3469 vortium
235 3406 341 3485 quoad
350 3405 522 3480 vinculum,
534 3403 623 3464 irrita
632 3419 761 3481 promus
771 3406 865 3479 esset,
877 3405 912 3463 ut
921 3417 1018 3480 supra

104 3506 111 3519 '
170 3521 204 3564 m
218 3510 276 3564 est.

81 3508 206 3678 ᾶωὲῗςο
229 3599 281 3658 lex
303 3596 402 3657 civilis
430 3613 493 3656 non
521 3597 625 3674 potest
650 3593 755 3656 facere
783 3590 1018 3654 matrimonium
