2442 4125
336 360 374 403 nn
396 359 525 406 nurnero
545 361 629 405 runis
651 360 807 406 annorum.
977 352 1033 410 231

100 500 245 563 notitiam
279 500 493 581 impedimenti
522 503 660 580 primum
687 507 758 581 post
784 504 1037 567 denuntiationes

99 597 171 657 illas
196 596 364 673 factas,·et
390 600 587 660 contractum
614 599 852 660 matrimonium
879 602 1035 676 venerint,

101 710 205 770 neque
221 690 395 770 quidquam
408 691 563 753 malitiose
578 696 688 753 contra
702 692 938 753 matrimonium
953 694 1035 773 obji-

103 790 198 865 ciant,
216 808 244 850 c.
261 806 334 849 cum
347 791 380 849 in
395 792 451 851 tue
463 794 493 866 o,
511 790 542 851 h.
560 792 583 851 t.
602 791 681 851 Sunt
695 795 802 851 autem
815 797 993 868 trescesus,
1005 792 1038 852 in

103 886 218 965 quibus
233 885 421 964 regulariter
433 885 636 963 praesumitur
644 886 824 965 ignorantia
833 904 955 962 eorum,
967 904 1038 965 quae

103 980 211 1060 palam
232 980 312 1041 fiunt
334 980 367 1039 in
390 980 525 1041 civitate.
552 980 658 1039 Primo
682 978 708 1037 si
736 979 805 1057 quis
829 977 941 1039 existat
963 982 1039 1039 tune

103 1076 255 1155 temporis
270 1079 358 1139 extra
372 1076 544 1137 dioeoesim.
570 1075 717 1137 Secundo
738 1075 764 1135 si
785 1076 856 1154 quis
876 1078 951 1135 tunc
971 1079 1040 1136 erat

103 1173 137 1233 in
151 1175 262 1233 tenera
275 1172 380 1233 adhuc
394 1174 498 1233 etate.
515 1172 555 1231 lit
567 1170 660 1232 tertio
679 1170 706 1229 si
724 1188 762 1230 ex
780 1168 964 1232 infirmitate
982 1188 1040 1248 pa-

102 1266 242 1328 tiebatur
257 1264 415 1329 defectum
430 1264 662 1327 uenerationis.
680 1286 695 1323 u

495 1441 528 1483 De
539 1441 648 1483 dicmtiis.

151 1576 165 1611 e
180 1556 240 1632 An,
257 1557 289 1617 et
303 1570 367 1634 qua
380 1553 502 1617 rationo
520 1554 643 1617 licitum
663 1554 704 1617 sit
725 1556 853 1636 conjugi
876 1555 1039 1618 instituere

106 1650 276 1712 divortium
292 1650 333 1711 ob
348 1650 478 1711 alterius
491 1650 694 1713 adulterium.
710 1650 895 1725 Divertium‚
916 1652 956 1711 de
975 1670 1039 1731 quo

105 1745 304 1825 potissimum
326 1745 358 1805 in
382 1744 442 1807 hoc
465 1744 555 1807 titulo
578 1745 695 1824 agitur,
721 1764 785 1807 non
808 1750 856 1809 est
879 1746 1040 1809 dissolutio

106 1841 300 1903 matrimonii
327 1840 432 1921 quoad
459 1840 637 1916 vinculum,
663 1842 764 1920 qualis
786 1842 951 1904 dissolutio
973 1843 1043 1905 fieri

108 1940 213 2015 potest
240 1936 280 1996 ob
300 1934 561 2013 impedimentum
584 1934 735 1996 dirimens
754 1941 943 2015 perpetuum
961 1937 1043 1999 inter

108 2028 259 2109 conjuges
275 2028 433 2107 putativos
448 2027 660 2104 intercedens,
675 2028 731 2088 sed
746 2033 794 2091 est
803 2030 960 2107 separatio
971 2047 1043 2091 con-

105 2127 290 2208 jugatorum
314 2125 420 2204 quoad
442 2124 582 2199 thorum,
609 2126 641 2184 et
663 2122 941 2197 cohabitationem,
966 2126 1040 2197 etc,

108 2224 153 2286 ita
167 2226 202 2285 ut
214 2225 363 2282 manente
378 2219 503 2282 vinculo
517 2218 678 2298 conjugali
691 2219 775 2280 inter
787 2217 927 2297 legitime
936 2217 1044 2280 metri-

109 2319 216 2381 monio
240 2317 435 2396 coujunctos,
459 2316 519 2376 sibi
538 2319 646 2376 tamen
666 2315 778 2376 necin
801 2315 905 2391 thoro,
931 2315 1042 2376 necin
1141 2354 1143 2357 -

110 2416 204 2476 domo
229 2412 412 2476 cohabitare
434 2415 603 2474 teneantur
623 2410 729 2474 taliter
749 2410 928 2491 conjugati,
951 2409 1044 2490 quale

111 2509 283 2574 divortium
295 2509 378 2570 inter
391 2506 578 2587 conjugatos
597 2506 666 2568 fieri
688 2525 781 2585 posse
802 2508 842 2568 ab
862 2507 1042 2579 innocente,

111 2607 152 2668 ob
166 2604 368 2680 adulterium,
392 2608 447 2664 aut
467 2602 610 2664 illicitum
631 2603 834 2665 concubitum
853 2621 925 2663 oum
945 2602 1046 2662 altera

111 2717 248 2778 persona
262 2695 302 2758 ab
324 2697 423 2758 altero
444 2695 578 2776 conjuge
601 2695 804 2756 commissum
825 2693 864 2772 (si
884 2692 1046 2753 moraliter

111 2797 215 2856 certus
230 2793 271 2854 sit
282 2792 435 2854 innocens
450 2789 566 2869 conjux
580 2789 619 2849 de
633 2789 748 2863 talibus
769 2788 810 2850 ab
829 2787 890 2848 alio
910 2789 1045 2866 conjuge

112 2888 297 2968 commissis)
321 2905 360 2948 ex
387 2887 484 2948 sacris
501 2884 615 2948 litteris
633 2885 728 2945 etiam
755 2886 843 2962 patet
862 2881 987 2956 Mettb.,
1012 2897 1043 2955 v,

112 3006 142 3046 v.
159 2987 210 3061 32,
227 2986 321 3046 etex.
340 3000 367 3044 c.
385 2979 575 3062 significasti
588 2984 619 3056 4,
636 2980 667 3040 b.
684 2983 708 3041 t.
733 2996 835 3057 neque
857 2975 942 3038 enim
960 2975 1047 3035 fran-

112 3079 198 3160 genti
212 3079 309 3140 fldem
323 3079 418 3140 tidem
432 3079 583 3138 innocens
597 3078 724 3138 tenetur
733 3091 860 3136 servare
872 3092 879 3133 ε
891 3074 1044 3146 sitemen,

113 3194 183 3256 quae
197 3176 350 3238 innocens
364 3173 452 3254 prius
466 3173 580 3249 fuerat,
598 3177 630 3232 et
643 3191 663 3232 a
676 3171 790 3233 marito
804 3189 835 3231 v.
853 3188 884 3248 g.
901 3169 942 3230 ob
957 3167 1048 3228 adul-

113 3271 228 3336 terium
257 3270 352 3350 hujus
378 3269 535 3344 discessit,
566 3270 677 3346 postea
703 3273 736 3328 et
761 3265 831 3344 ipsa
858 3263 1048 3326 adulterium

115 3367 302 3442 committet,
331 3368 456 3427 tenetur
479 3365 520 3425 ad
543 3363 682 3442 priorem
705 3361 854 3424 maritum
876 3360 992 3436 redire,
1017 3363 1049 3420 et

114 3464 217 3527 eidem
232 3460 506 3524 matrimonialiter
520 3458 717 3535 cohabitare,
737 3457 813 3536 quia
830 3462 999 3519 censentur
1017 3454 1049 3515 in

114 3559 169 3620 tali
190 3575 267 3620 casu
292 3557 381 3636 paria
409 3557 524 3620 delicta
549 3557 661 3617 mutua
687 3553 942 3632 compensatione
969 3548 1047 3623 tolli,
