2442 4125
366 310 405 354 uu
426 306 556 355 omsoro
576 308 660 355 sums
680 306 836 355 assessus.
1028 296 1064 356 tt

123 454 225 522 ,Unde
240 451 371 514 invaluit
387 452 497 513 isthaeo
509 449 739 530 terminotogis,
755 468 826 531 quse
844 453 973 529 rsoepts
986 455 1035 514 est
1046 470 1068 515 a

131 550 257 612 duobus
276 548 426 626 consiliis,
445 547 611 608 florentino
630 550 662 608 et
679 548 871 621 tridentiuo;
891 547 1067 610 seeundum

130 662 187 705 aas
209 642 346 720 synodos
368 642 492 720 siguum
510 640 632 702 visibile
650 646 919 703 monumentorum
936 642 1068 705 resubst

131 757 221 800 exre
236 737 385 799 etverbis
402 757 410 797 :
431 754 466 799 re
485 735 614 817 quidem
630 740 784 818 tunquam
801 739 945 817 materie,
961 738 1067 802 verbis

130 842 287 915 tanquam
301 835 413 897 forma.

174 936 207 997 2⁰
221 930 342 1008 Duplex
358 936 464 991 sutem
485 930 532 989 est
550 929 705 990 terminus
717 929 871 993 innabilis
883 946 1066 993 ssommeu·

132 1032 239 1090 torum
263 1046 270 1085 :
292 1025 391 1105 pratia
413 1028 444 1086 et
464 1022 625 1103 character,
646 1026 750 1104 gratie
767 1026 896 1106 quidem
912 1026 1067 1089 terminus

133 1120 276 1185 omnium
290 1124 559 1182 sacramentorum
572 1121 730 1199 proprius,
743 1122 908 1183 obursoter
920 1122 1067 1201 proprius

132 1217 368 1279 nonnullorum.
385 1214 493 1278 Gratia
507 1218 614 1277 autem
627 1234 698 1297 quae
711 1235 770 1297 per
783 1219 981 1279 sacramenta
994 1234 1068 1296 pro·

132 1313 271 1387 ducitur,
294 1312 440 1373 bifariam
461 1312 673 1391 distinguitur,
690 1311 889 1374 ssuotifloaus
910 1316 943 1375 et
961 1329 1068 1373 mers·

133 1406 300 1479 mentalis3
321 1404 557 1467 sacramentalis
576 1423 647 1485 quse
665 1405 782 1467 auxilie
794 1405 850 1467 dat
862 1405 904 1467 sd
918 1422 957 1466 es
970 1422 1068 1483 prees·

131 1502 232 1565 tanda
247 1520 317 1581 quae
336 1508 409 1561 sunt
426 1502 554 1581 propria
572 1501 768 1581 singulorum
786 1504 1065 1576 monumentorum,

131 1598 335 1659 sanctificans
343 1615 418 1658 vero
430 1614 499 1675 quae
514 1596 645 1659 interius
654 1597 818 1659 bominum
828 1596 967 1667 animam
976 1611 1068 1655 sano·

131 1694 243 1755 tissoat.
260 1694 334 1752 Haee
349 1696 454 1753 autem
468 1692 674 1753 sanctificatio
689 1692 856 1770 dupliciter
869 1689 1003 1752 sumitur
1017 1689 1067 1750 vel

132 1793 287 1867 tanquam
301 1786 450 1847 transitus
465 1806 481 1848 e
496 1790 579 1849 statu
594 1786 715 1865 pennati
730 1786 771 1847 sd
785 1790 901 1848 statum
915 1784 1026 1866 gratia
1036 1785 1069 1844 et

129 1884 272 1965 justitiae,
289 1882 338 1943 vel
357 1886 507 1961 tunquam
525 1883 675 1943 transitus
694 1900 713 1943 a
729 1882 842 1943 minori
857 1882 898 1944 ad
914 1880 1068 1960 majorem

132 1981 423 2043 sanetifioatiouem.
446 1978 537 2039 Unde
558 1978 672 2041 dinitur
691 1978 796 2057 gratia
819 1956 917 2057 primo
937 1994 1008 2056 quae
1027 1975 1068 2035 de

133 2079 252 2158 injusto
270 2078 391 2158 justum
409 2076 495 2152 feeit,
520 2075 624 2154 gratia
647 2091 722 2135 vero
746 2073 869 2134 serundo
889 2090 959 2151 quse
977 2088 1069 2132 seno-

91 2248 96 2254 .
136 2178 206 2232 tum
220 2179 250 2233 et
266 2172 386 2252 justum
405 2171 580 2232 sauotiiloat
595 2172 627 2230 et
643 2168 797 2249 justificat
809 2167 851 2228 ad
871 2167 945 2228 huo.
963 2165 1069 2228 Gratis

133 2267 239 2348 prima
252 2272 300 2328 est
312 2267 465 2329 terminus
480 2266 615 2327 duorum
627 2268 908 2339 sacramentorum,
919 2261 1068 2342 baptismi

134 2366 168 2424 et
182 2362 384 2441 peonitentia,
396 2379 466 2441 quae
476 2366 646 2442 propterea
659 2363 858 2421 sacramente
871 2360 1069 2420 mortuorum

133 2458 293 2520 dicuutur.
311 2457 418 2519 Gratia
432 2455 573 2518 secunda
591 2455 715 2517 diverso
734 2453 829 2515 modo
848 2470 869 2514 s
886 2450 998 2514 ueteris
1017 2468 1069 2511 ss-

134 2553 303 2614 cramentis
316 2552 510 2630 producitur.

176 2647 346 2708 Charaoter
367 2650 414 2707 ost
435 2647 559 2724 signum
581 2644 741 2725 quoddam·
759 2643 792 2704 in
810 2643 917 2704 anima
935 2642 1068 2719 impres·

134 2759 217 2817 sum,
240 2741 351 2801 saltem
370 2759 427 2819 par
445 2743 544 2802 totam
565 2739 648 2800 hano
669 2739 767 2801 vitam
786 2735 966 2811 indelebile,
983 2733 1067 2813 quod

134 2838 297 2900 hominem
325 2838 459 2898 oollooat
485 2837 516 2895 in
549 2834 655 2915 aliquo
682 2832 880 2913 permanenti
907 2829 1009 2908 gradu
1036 2828 1069 2890 in

133 2936 286 2997 Euolesis.
298 2936 372 2996 'Pria
386 2938 458 2995 sunt
472 2937 670 2995 sacramenta
683 2950 754 3010 quae
768 2931 810 2990 sd
824 2931 908 2989 hune
923 2928 1070 2988 effectum

135 3031 375 3113 producendum
399 3030 595 3104 ordinantur,
620 3028 780 3106 baptimus
804 3041 866 3103 quo
890 3042 930 3084 ex
951 3021 1070 3082 infideli

134 3126 327 3188 christianus
346 3125 416 3205 quis
430 3125 574 3201 eiiieitur,
592 3121 787 3185 confirmatio
803 3138 866 3200 qua
880 3117 1070 3180 ohristienus

133 3227 171 3285 tit
198 3221 372 3300 perfectus,
403 3220 479 3282 ordo
508 3239 569 3300 quo
594 3219 796 3297 magistratus
822 3215 1067 3277 constituuntur.

133 3323 211 3382 Haeo
222 3315 680 3396 triasaorumenta,quippesd
691 3309 1067 3394 essupermausnsporri-

135 3419 266 3494 guntur,
282 3413 391 3475 iterari
404 3433 467 3475 uon
482 3416 624 3493 possunt.

178 3509 210 3567 3⁰
227 3506 347 3568 Natura
360 3506 508 3568 salomis
522 3506 605 3566 inter
618 3505 786 3566 terminum
799 3502 955 3566 visibilem
973 3502 1005 3561 et
1024 3497 1072 3557 in-
