2442 4125
393 335 431 378 us
452 334 580 382 omnem
601 337 684 382 rums
705 337 863 386 assumor.
1035 333 1089 392 {sl

236 505 330 564 Queat.
347 509 386 554 Ψ.
404 505 444 555 De
457 505 569 556 mlotiuo
584 504 751 558 inhabilitate
762 507 799 558 od
809 511 1015 563 matrimonium.

194 621 378 684 luhabilitas
393 621 525 683 relativa
539 622 579 684 ad
593 623 830 686 matrimonium
848 645 887 688 ex
905 628 1020 708 triplici
1038 649 1093 692 ca-

150 720 219 798 pite
235 735 404 797 exsurgere
419 717 544 780 videtur
559 738 566 780 :

195 817 226 874 l⁰
240 815 286 874 Ex
307 813 412 892 aliquo
433 813 675 896 propinquitatis
693 817 744 877 vel
764 819 1006 882 necessitudinis
1023 823 1093 884 viu·

150 911 226 974 culo
240 909 467 990 praeexistenti3

194 1011 227 1066 2⁰
241 1007 286 1066 Ex
300 1005 428 1086 dispari,
445 1005 494 1067 vel
509 1005 665 1069 differenti
681 1007 767 1070 cultu
781 1009 948 1090 religioso;

193 1104 227 1164 30
240 1103 286 1162 Ex
299 1101 521 1182 complicitam,
538 1101 589 1164 vel
603 1102 769 1166 correitate
785 1103 819 1164 in
832 1106 965 1169 crimen.

444 1249 472 1293 Δ.
484 1251 517 1295 lto
529 1249 620 1295 Vincula
630 1251 809 1308 propinquitatis.

193 1357 268 1417 Tria
293 1358 367 1418 sunt
395 1356 640 1438 propinquitatis
663 1358 807 1438 viuculo,
837 1359 922 1423 unde
949 1365 1090 1426 nascitur

149 1451 283 1532 quidam
310 1469 400 1513 amor
426 1453 624 1514 verecundus
647 1457 679 1516 et
701 1458 917 1519 reverentialis
940 1460 993 1540 qui
1016 1478 1089 1521 oum

149 1545 374 1608 matrimoniali
396 1548 587 1611 confidentia
607 1568 671 1612 uon
688 1549 770 1613 beno
789 1552 985 1614 conciliatur.
1009 1555 1090 1616 Sunt

149 1647 285 1707 autem:

194 1741 225 1798 l⁰
240 1739 407 1802 Vinculum
428 1743 719 1823 consanguinitatis,
739 1763 796 1806 seu
814 1745 1012 1826 cognationis
1030 1765 1086 1808 na-

147 1835 273 1906 turalis,
292 1837 343 1898 cui
357 1837 517 1900 intellectu
527 1839 607 1920 juris
618 1841 830 1904 assimilantur
838 1842 1088 1926 vinculacogua-

148 1931 246 1991 tionis
259 1931 370 2011 legalis
384 1936 416 1994 et
429 1933 610 2011 spiritualis.

191 2031 224 2087 2⁰
251 2026 419 2090 Vinculum
441 2028 603 2091 affinitatis
626 2046 666 2089 ex
688 2029 958 2091 consummatione
981 2030 1088 2092 matri·

149 2125 248 2187 monii
264 2125 313 2187 cui
328 2124 518 2188 assimilatur
531 2126 667 2188 affinitas
681 2142 721 2184 ax
734 2126 850 2204 copula
861 2126 981 2187 illicita.

191 2224 224 2283 3⁰
257 2221 423 2283 Vinculum
450 2220 584 2300 publicae
619 2220 792 2282 honestatis
820 2240 859 2282 cx
885 2220 1087 2284 matrimonio

149 2318 248 2379 ctiam
262 2334 324 2378 uon
339 2322 568 2392 consummato,
585 2316 757 2376 dummodo
772 2335 836 2379 nou
853 2317 895 2380 sit
912 2316 1035 2380 nullum
1048 2337 1087 2381 cx

149 2414 275 2475 defectu
297 2430 479 2490 cousensus,
502 2412 553 2473 cui
574 2410 766 2474 assimilatur
788 2415 915 2494 publica
938 2416 1086 2479 honestas

150 2528 284 2571 nascens
298 2529 337 2571 ex
351 2510 548 2589 sponsalibus
561 2510 684 2573 validis.

429 2676 452 2713 ιο
466 2671 500 2713 Do
513 2668 598 2714 uinculo
610 2671 816 2726 consanguinitatis.

191 2780 287 2839 XXX.
310 2776 462 2857 cognatio
491 2777 642 2840 naturalis
669 2794 725 2839 seu
753 2776 1008 2857 consanguinitas
1038 2785 1087 2839 est

149 2873 312 2934 vinculum
326 2884 544 2951 personarum,
561 2891 696 2952 quarum
710 2892 820 2935 omnes
833 2873 874 2933 ub
889 2871 1002 2933 cadom
1011 2890 1085 2951 -pcr-

150 2988 228 3031 sona
249 2972 402 3049 tauquam
421 2970 633 3049 progenitore,
654 2987 710 3031 seu
731 2969 892 3031 communi
910 2967 1027 3047 stipite,
1049 2972 1085 3030 ut

150 3066 250 3142 aiunt,
272 3084 330 3143 per
344 3066 504 3127 carnalem
517 3066 778 3146 propagationem
792 3063 947 3127 derivant.

190 3162 357 3225 Generatio
372 3163 566 3241 immediata,
583 3180 657 3224 cum
666 3178 730 3223 uua
740 3161 873 3222 alteram
882 3160 1008 3240 geuuit3
1019 3180 1085 3224 me-

148 3260 237 3321 diata
250 3259 377 3340 quando
393 3280 455 3321 una
470 3261 603 3322 alteram
621 3277 684 3321 nou
703 3259 823 3337 genuit,
839 3260 896 3320 scd
917 3260 1085 3323 abeodem

148 3355 254 3435 stipite
268 3374 327 3435 per
344 3357 564 3437 generationes
582 3356 725 3419 carnales
743 3360 953 3436 promanant:
975 3359 1083 3430 irater,

149 3468 258 3525 soror3
274 3452 348 3513 inde
362 3452 447 3515 linea
460 3457 548 3516 recta
562 3454 613 3515 vel
625 3454 855 3515 transversalis.

188 3547 287 3609 Linea
299 3553 386 3612 recta
400 3553 447 3614 est
461 3549 557 3612 series
568 3568 776 3629 personarum
785 3568 920 3632 quarum
931 3567 995 3611 uua
1008 3548 1088 3609 alte-
