<?xml version="1.0" encoding="UTF-8"?>
<!DOCTYPE html PUBLIC "-//W3C//DTD XHTML 1.0 Transitional//EN"
    "http://www.w3.org/TR/xhtml1/DTD/xhtml1-transitional.dtd">
<html xmlns="http://www.w3.org/1999/xhtml" xml:lang="en" lang="en">
 <head>
  <title>
</title>
<meta http-equiv="Content-Type" content="text/html;charset=utf-8" />
  <meta name='ocr-system' content='tesseract 3.04.00' />
  <meta name='ocr-capabilities' content='ocr_page ocr_carea ocr_par ocr_line ocrx_word'/>
</head>
<body>
  <div class='ocr_page' id='page_1' title='image "./institutionesju04marigoog_0027.png"; bbox 0 0 2442 4125; ppageno 0'>
   <div class='ocr_carea' id='block_1_1' title="bbox 312 260 1011 321">
    <p class='ocr_par' dir='ltr' id='par_1_1' title="bbox 312 260 1011 321">
     <span class='ocr_line' id='line_1_1' title="bbox 312 260 1011 321; baseline 0.004 -3"><span class='ocrx_word' id='word_1_1' title='bbox 312 274 352 319; x_wconf 85' lang='lat' dir='ltr'><strong>os</strong></span> <span class='ocrx_word' id='word_1_2' title='bbox 372 272 501 319; x_wconf 82' lang='lat' dir='ltr'><strong>omscro</strong></span> <span class='ocrx_word' id='word_1_3' title='bbox 520 274 603 321; x_wconf 79' lang='lat' dir='ltr'><strong>ionis</strong></span> <span class='ocrx_word' id='word_1_4' title='bbox 624 273 781 321; x_wconf 79' lang='lat' dir='ltr'><strong>canonici.</strong></span> <span class='ocrx_word' id='word_1_5' title='bbox 973 260 1011 321; x_wconf 76' lang='lat' dir='ltr'><strong>tt</strong></span> 
     </span>
    </p>
   </div>
   <div class='ocr_carea' id='block_1_2' title="bbox 82 418 1014 693">
    <p class='ocr_par' dir='ltr' id='par_1_2' title="bbox 82 418 1014 693">
     <span class='ocr_line' id='line_1_2' title="bbox 119 418 1012 499; baseline 0 -18"><span class='ocrx_word' id='word_1_6' title='bbox 119 421 171 483; x_wconf 83' lang='lat' dir='ltr'><strong>lv.</strong></span> <span class='ocrx_word' id='word_1_7' title='bbox 188 418 332 481; x_wconf 80' lang='lat' dir='ltr'><strong>Alterum</strong></span> <span class='ocrx_word' id='word_1_8' title='bbox 349 436 424 480; x_wconf 84' lang='lat' dir='ltr'><strong>vero</strong></span> <span class='ocrx_word' id='word_1_9' title='bbox 445 425 493 483; x_wconf 87' lang='lat' dir='ltr'><strong>est</strong></span> <span class='ocrx_word' id='word_1_10' title='bbox 506 418 766 482; x_wconf 73' lang='lat' dir='ltr'><strong>considerationis</strong></span> <span class='ocrx_word' id='word_1_11' title='bbox 778 422 886 499; x_wconf 88' lang='lat' dir='ltr'><strong>capot,</strong></span> <span class='ocrx_word' id='word_1_12' title='bbox 900 418 1012 481; x_wconf 67' lang='lat' dir='ltr'><strong>edatio</strong></span> 
     </span>
     <span class='ocr_line' id='line_1_3' title="bbox 82 514 864 597; baseline 0 -20"><span class='ocrx_word' id='word_1_13' title='bbox 82 533 193 593; x_wconf 88' lang='lat' dir='ltr'><strong>nempe</strong></span> <span class='ocrx_word' id='word_1_14' title='bbox 208 532 304 593; x_wconf 92' lang='lat' dir='ltr'><strong>quam</strong></span> <span class='ocrx_word' id='word_1_15' title='bbox 318 514 436 579; x_wconf 87' lang='lat' dir='ltr'><strong>habent</strong></span> <span class='ocrx_word' id='word_1_16' title='bbox 449 520 650 579; x_wconf 84' lang='lat' dir='ltr'><strong>sacramenta</strong></span> <span class='ocrx_word' id='word_1_17' title='bbox 662 514 703 575; x_wconf 82' lang='lat' dir='ltr'><strong>od</strong></span> <span class='ocrx_word' id='word_1_18' title='bbox 713 533 864 597; x_wconf 64' lang='lat' dir='ltr'><strong>paneam</strong></span> 
     </span>
     <span class='ocr_line' id='line_1_4' title="bbox 119 610 1014 693; baseline 0.001 -20"><span class='ocrx_word' id='word_1_19' title='bbox 119 613 199 673; x_wconf 83' lang='lat' dir='ltr'><strong>llum</strong></span> <span class='ocrx_word' id='word_1_20' title='bbox 212 610 291 673; x_wconf 82' lang='lat' dir='ltr'><strong>ritus</strong></span> <span class='ocrx_word' id='word_1_21' title='bbox 305 613 541 675; x_wconf 87' lang='lat' dir='ltr'><strong>sacramentalis</strong></span> <span class='ocrx_word' id='word_1_22' title='bbox 555 616 714 693; x_wconf 76' lang='lat' dir='ltr'><strong>supponat</strong></span> <span class='ocrx_word' id='word_1_23' title='bbox 731 611 943 673; x_wconf 71' lang='lat' dir='ltr'><strong>accessionem</strong></span> <span class='ocrx_word' id='word_1_24' title='bbox 957 629 1014 674; x_wconf 90' lang='lat' dir='ltr'><strong>seo</strong></span> 
     </span>
    </p>
   </div>
   <div class='ocr_carea' id='block_1_3' title="bbox 78 707 1021 2122">
    <p class='ocr_par' dir='ltr' id='par_1_3' title="bbox 78 707 1021 2122">
     <span class='ocr_line' id='line_1_5' title="bbox 79 707 1014 789; baseline 0 -20"><span class='ocrx_word' id='word_1_25' title='bbox 79 707 323 787; x_wconf 80' lang='lat' dir='ltr'><strong>applicationem</strong></span> <span class='ocrx_word' id='word_1_26' title='bbox 338 708 548 789; x_wconf 88' lang='lat' dir='ltr'><strong>quorumdam</strong></span> <span class='ocrx_word' id='word_1_27' title='bbox 560 708 730 770; x_wconf 83' lang='lat' dir='ltr'><strong>verborum</strong></span> <span class='ocrx_word' id='word_1_28' title='bbox 743 707 871 769; x_wconf 92' lang='lat' dir='ltr'><strong>cuidam</strong></span> <span class='ocrx_word' id='word_1_29' title='bbox 884 707 944 783; x_wconf 87' lang='lat' dir='ltr'><strong>rel,</strong></span> <span class='ocrx_word' id='word_1_30' title='bbox 958 724 1014 769; x_wconf 87' lang='lat' dir='ltr'><strong>seo</strong></span> 
     </span>
     <span class='ocr_line' id='line_1_6' title="bbox 78 803 1016 885; baseline 0 -18"><span class='ocrx_word' id='word_1_31' title='bbox 78 803 189 867; x_wconf 78' lang='lat' dir='ltr'><strong>formes</strong></span> <span class='ocrx_word' id='word_1_32' title='bbox 212 803 253 865; x_wconf 87' lang='lat' dir='ltr'><strong>ad</strong></span> <span class='ocrx_word' id='word_1_33' title='bbox 276 804 452 882; x_wconf 81' lang='lat' dir='ltr'><strong>materiem,</strong></span> <span class='ocrx_word' id='word_1_34' title='bbox 467 805 548 867; x_wconf 86' lang='lat' dir='ltr'><strong>ritus</strong></span> <span class='ocrx_word' id='word_1_35' title='bbox 560 805 660 885; x_wconf 85' lang='lat' dir='ltr'><strong>ipsius</strong></span> <span class='ocrx_word' id='word_1_36' title='bbox 673 804 843 867; x_wconf 81' lang='lat' dir='ltr'><strong>necessitas</strong></span> <span class='ocrx_word' id='word_1_37' title='bbox 866 803 1016 884; x_wconf 88' lang='lat' dir='ltr'><strong>importat</strong></span> 
     </span>
     <span class='ocr_line' id='line_1_7' title="bbox 80 898 1014 981; baseline -0.003 -20"><span class='ocrx_word' id='word_1_38' title='bbox 80 918 249 978; x_wconf 89' lang='lat' dir='ltr'><strong>personam</strong></span> <span class='ocrx_word' id='word_1_39' title='bbox 273 899 443 979; x_wconf 87' lang='lat' dir='ltr'><strong>quamdam</strong></span> <span class='ocrx_word' id='word_1_40' title='bbox 468 919 539 981; x_wconf 82' lang='lat' dir='ltr'><strong>quae</strong></span> <span class='ocrx_word' id='word_1_41' title='bbox 567 900 749 980; x_wconf 86' lang='lat' dir='ltr'><strong>hujusmodi</strong></span> <span class='ocrx_word' id='word_1_42' title='bbox 772 898 1014 979; x_wconf 84' lang='lat' dir='ltr'><strong>applicationem</strong></span> 
     </span>
     <span class='ocr_line' id='line_1_8' title="bbox 82 994 1016 1073; baseline -0.003 -16"><span class='ocrx_word' id='word_1_43' title='bbox 82 996 188 1073; x_wconf 77' lang='lat' dir='ltr'><strong>iaciat,</strong></span> <span class='ocrx_word' id='word_1_44' title='bbox 205 996 225 1057; x_wconf 89' lang='lat' dir='ltr'><strong>i.</strong></span> <span class='ocrx_word' id='word_1_45' title='bbox 243 1015 286 1073; x_wconf 88' lang='lat' dir='ltr'><strong>e.,</strong></span> <span class='ocrx_word' id='word_1_46' title='bbox 303 997 490 1058; x_wconf 86' lang='lat' dir='ltr'><strong>sacramenti</strong></span> <span class='ocrx_word' id='word_1_47' title='bbox 509 998 686 1059; x_wconf 66' lang='lat' dir='ltr'><strong>minuimur.</strong></span> <span class='ocrx_word' id='word_1_48' title='bbox 702 998 841 1073; x_wconf 77' lang='lat' dir='ltr'><strong>Excepta</strong></span> <span class='ocrx_word' id='word_1_49' title='bbox 859 994 1016 1055; x_wconf 87' lang='lat' dir='ltr'><strong>eucharis·</strong></span> 
     </span>
     <span class='ocr_line' id='line_1_9' title="bbox 82 1092 1016 1174; baseline -0.002 -19"><span class='ocrx_word' id='word_1_50' title='bbox 82 1093 134 1170; x_wconf 86' lang='lat' dir='ltr'><strong>tia,</strong></span> <span class='ocrx_word' id='word_1_51' title='bbox 148 1113 221 1174; x_wconf 86' lang='lat' dir='ltr'><strong>quae</strong></span> <span class='ocrx_word' id='word_1_52' title='bbox 232 1094 374 1156; x_wconf 83' lang='lat' dir='ltr'><strong>consistit</strong></span> <span class='ocrx_word' id='word_1_53' title='bbox 387 1095 418 1155; x_wconf 91' lang='lat' dir='ltr'><strong>in</strong></span> <span class='ocrx_word' id='word_1_54' title='bbox 433 1114 469 1156; x_wconf 89' lang='lat' dir='ltr'><strong>re</strong></span> <span class='ocrx_word' id='word_1_55' title='bbox 478 1095 676 1174; x_wconf 81' lang='lat' dir='ltr'><strong>permanenti</strong></span> <span class='ocrx_word' id='word_1_56' title='bbox 686 1112 744 1155; x_wconf 90' lang='lat' dir='ltr'><strong>sen</strong></span> <span class='ocrx_word' id='word_1_57' title='bbox 756 1094 847 1174; x_wconf 87' lang='lat' dir='ltr'><strong>cujus</strong></span> <span class='ocrx_word' id='word_1_58' title='bbox 861 1092 1016 1155; x_wconf 81' lang='lat' dir='ltr'><strong>conlectio</strong></span> 
     </span>
     <span class='ocr_line' id='line_1_10' title="bbox 83 1190 1018 1263; baseline -0.004 -11"><span class='ocrx_word' id='word_1_59' title='bbox 83 1190 272 1252; x_wconf 85' lang='lat' dir='ltr'><strong>terminatur</strong></span> <span class='ocrx_word' id='word_1_60' title='bbox 289 1190 322 1251; x_wconf 94' lang='lat' dir='ltr'><strong>in</strong></span> <span class='ocrx_word' id='word_1_61' title='bbox 341 1190 481 1252; x_wconf 84' lang='lat' dir='ltr'><strong>materiae</strong></span> <span class='ocrx_word' id='word_1_62' title='bbox 498 1190 779 1263; x_wconf 86' lang='lat' dir='ltr'><strong>consecrationem,</strong></span> <span class='ocrx_word' id='word_1_63' title='bbox 794 1192 901 1251; x_wconf 90' lang='lat' dir='ltr'><strong>cetera</strong></span> <span class='ocrx_word' id='word_1_64' title='bbox 912 1204 1018 1249; x_wconf 85' lang='lat' dir='ltr'><strong>saera·</strong></span> 
     </span>
     <span class='ocr_line' id='line_1_11' title="bbox 82 1282 1018 1365; baseline -0.003 -20"><span class='ocrx_word' id='word_1_65' title='bbox 82 1289 192 1347; x_wconf 87' lang='lat' dir='ltr'><strong>menta</strong></span> <span class='ocrx_word' id='word_1_66' title='bbox 210 1286 384 1347; x_wconf 87' lang='lat' dir='ltr'><strong>consistunt</strong></span> <span class='ocrx_word' id='word_1_67' title='bbox 404 1286 436 1346; x_wconf 93' lang='lat' dir='ltr'><strong>in</strong></span> <span class='ocrx_word' id='word_1_68' title='bbox 457 1290 531 1347; x_wconf 83' lang='lat' dir='ltr'><strong>ectu</strong></span> <span class='ocrx_word' id='word_1_69' title='bbox 552 1286 727 1349; x_wconf 82' lang='lat' dir='ltr'><strong>transeunti</strong></span> <span class='ocrx_word' id='word_1_70' title='bbox 748 1302 806 1365; x_wconf 90' lang='lat' dir='ltr'><strong>per</strong></span> <span class='ocrx_word' id='word_1_71' title='bbox 826 1302 920 1365; x_wconf 88' lang='lat' dir='ltr'><strong>quem</strong></span> <span class='ocrx_word' id='word_1_72' title='bbox 939 1282 1018 1345; x_wconf 88' lang='lat' dir='ltr'><strong>ritus</strong></span> 
     </span>
     <span class='ocr_line' id='line_1_12' title="bbox 83 1382 1019 1462; baseline -0.003 -20"><span class='ocrx_word' id='word_1_73' title='bbox 83 1382 320 1444; x_wconf 85' lang='lat' dir='ltr'><strong>sacramentalis</strong></span> <span class='ocrx_word' id='word_1_74' title='bbox 334 1382 428 1444; x_wconf 88' lang='lat' dir='ltr'><strong>alicui</strong></span> <span class='ocrx_word' id='word_1_75' title='bbox 446 1400 589 1462; x_wconf 83' lang='lat' dir='ltr'><strong>personae</strong></span> <span class='ocrx_word' id='word_1_76' title='bbox 609 1383 795 1461; x_wconf 86' lang='lat' dir='ltr'><strong>applicatur.</strong></span> <span class='ocrx_word' id='word_1_77' title='bbox 813 1382 1019 1445; x_wconf 81' lang='lat' dir='ltr'><strong>Sacramenta</strong></span> 
     </span>
     <span class='ocr_line' id='line_1_13' title="bbox 83 1474 1019 1557; baseline 0 -22"><span class='ocrx_word' id='word_1_78' title='bbox 83 1475 191 1556; x_wconf 87' lang='lat' dir='ltr'><strong>igitur,</strong></span> <span class='ocrx_word' id='word_1_79' title='bbox 216 1477 392 1556; x_wconf 78' lang='lat' dir='ltr'><strong>generatim</strong></span> <span class='ocrx_word' id='word_1_80' title='bbox 417 1478 587 1557; x_wconf 87' lang='lat' dir='ltr'><strong>loquendo,</strong></span> <span class='ocrx_word' id='word_1_81' title='bbox 612 1496 675 1541; x_wconf 94' lang='lat' dir='ltr'><strong>non</strong></span> <span class='ocrx_word' id='word_1_82' title='bbox 703 1482 826 1539; x_wconf 86' lang='lat' dir='ltr'><strong>tantum</strong></span> <span class='ocrx_word' id='word_1_83' title='bbox 853 1474 1019 1554; x_wconf 89' lang='lat' dir='ltr'><strong>requirunt</strong></span> 
     </span>
     <span class='ocr_line' id='line_1_14' title="bbox 83 1567 1019 1648; baseline -0.005 -17"><span class='ocrx_word' id='word_1_84' title='bbox 83 1570 273 1647; x_wconf 87' lang='lat' dir='ltr'><strong>ministrum,</strong></span> <span class='ocrx_word' id='word_1_85' title='bbox 289 1571 345 1632; x_wconf 87' lang='lat' dir='ltr'><strong>sed</strong></span> <span class='ocrx_word' id='word_1_86' title='bbox 360 1572 455 1634; x_wconf 90' lang='lat' dir='ltr'><strong>etiam</strong></span> <span class='ocrx_word' id='word_1_87' title='bbox 468 1572 500 1631; x_wconf 92' lang='lat' dir='ltr'><strong>in</strong></span> <span class='ocrx_word' id='word_1_88' title='bbox 515 1590 549 1632; x_wconf 91' lang='lat' dir='ltr'><strong>se</strong></span> <span class='ocrx_word' id='word_1_89' title='bbox 564 1572 730 1635; x_wconf 89' lang='lat' dir='ltr'><strong>includunt</strong></span> <span class='ocrx_word' id='word_1_90' title='bbox 742 1573 930 1648; x_wconf 87' lang='lat' dir='ltr'><strong>conceptum</strong></span> <span class='ocrx_word' id='word_1_91' title='bbox 943 1567 1019 1627; x_wconf 89' lang='lat' dir='ltr'><strong>alte-</strong></span> 
     </span>
     <span class='ocr_line' id='line_1_15' title="bbox 83 1666 1020 1748; baseline -0.001 -22"><span class='ocrx_word' id='word_1_92' title='bbox 83 1666 147 1727; x_wconf 89' lang='lat' dir='ltr'><strong>rius</strong></span> <span class='ocrx_word' id='word_1_93' title='bbox 163 1685 308 1744; x_wconf 78' lang='lat' dir='ltr'><strong>personae</strong></span> <span class='ocrx_word' id='word_1_94' title='bbox 323 1686 393 1747; x_wconf 84' lang='lat' dir='ltr'><strong>quae</strong></span> <span class='ocrx_word' id='word_1_95' title='bbox 411 1669 507 1730; x_wconf 85' lang='lat' dir='ltr'><strong>ritum</strong></span> <span class='ocrx_word' id='word_1_96' title='bbox 525 1668 657 1747; x_wconf 87' lang='lat' dir='ltr'><strong>suscipit</strong></span> <span class='ocrx_word' id='word_1_97' title='bbox 674 1672 705 1729; x_wconf 91' lang='lat' dir='ltr'><strong>et</strong></span> <span class='ocrx_word' id='word_1_98' title='bbox 723 1668 858 1748; x_wconf 77' lang='lat' dir='ltr'><strong>patitur3</strong></span> <span class='ocrx_word' id='word_1_99' title='bbox 880 1666 949 1727; x_wconf 78' lang='lat' dir='ltr'><strong>lirae</strong></span> <span class='ocrx_word' id='word_1_100' title='bbox 968 1681 1020 1725; x_wconf 88' lang='lat' dir='ltr'><strong>sa-</strong></span> 
     </span>
     <span class='ocr_line' id='line_1_16' title="bbox 83 1763 1016 1839; baseline -0.004 -16"><span class='ocrx_word' id='word_1_101' title='bbox 83 1763 237 1823; x_wconf 82' lang='lat' dir='ltr'><strong>crementi</strong></span> <span class='ocrx_word' id='word_1_102' title='bbox 248 1768 295 1825; x_wconf 91' lang='lat' dir='ltr'><strong>est</strong></span> <span class='ocrx_word' id='word_1_103' title='bbox 302 1764 472 1839; x_wconf 75' lang='lat' dir='ltr'><strong>subjectum.</strong></span> <span class='ocrx_word' id='word_1_104' title='bbox 484 1766 581 1827; x_wconf 88' lang='lat' dir='ltr'><strong>Porro</strong></span> <span class='ocrx_word' id='word_1_105' title='bbox 589 1764 723 1827; x_wconf 89' lang='lat' dir='ltr'><strong>ministri</strong></span> <span class='ocrx_word' id='word_1_106' title='bbox 734 1768 1016 1835; x_wconf 85' lang='lat' dir='ltr'><strong>sacramentorum,</strong></span> 
     </span>
     <span class='ocr_line' id='line_1_17' title="bbox 83 1854 1020 1937; baseline -0.003 -21"><span class='ocrx_word' id='word_1_107' title='bbox 83 1857 260 1935; x_wconf 81' lang='lat' dir='ltr'><strong>generatim</strong></span> <span class='ocrx_word' id='word_1_108' title='bbox 273 1857 443 1937; x_wconf 89' lang='lat' dir='ltr'><strong>loquendo,</strong></span> <span class='ocrx_word' id='word_1_109' title='bbox 460 1858 565 1919; x_wconf 88' lang='lat' dir='ltr'><strong>clerici</strong></span> <span class='ocrx_word' id='word_1_110' title='bbox 585 1862 659 1920; x_wconf 90' lang='lat' dir='ltr'><strong>sunt</strong></span> <span class='ocrx_word' id='word_1_111' title='bbox 680 1858 713 1918; x_wconf 92' lang='lat' dir='ltr'><strong>in</strong></span> <span class='ocrx_word' id='word_1_112' title='bbox 731 1860 885 1937; x_wconf 85' lang='lat' dir='ltr'><strong>quantum</strong></span> <span class='ocrx_word' id='word_1_113' title='bbox 903 1854 944 1915; x_wconf 87' lang='lat' dir='ltr'><strong>do</strong></span> <span class='ocrx_word' id='word_1_114' title='bbox 963 1870 1020 1931; x_wconf 89' lang='lat' dir='ltr'><strong>po·</strong></span> 
     </span>
     <span class='ocr_line' id='line_1_18' title="bbox 84 1948 1021 2033; baseline -0.005 -22"><span class='ocrx_word' id='word_1_115' title='bbox 84 1953 198 2013; x_wconf 88' lang='lat' dir='ltr'><strong>testate</strong></span> <span class='ocrx_word' id='word_1_116' title='bbox 220 1951 339 2014; x_wconf 86' lang='lat' dir='ltr'><strong>ordinis</strong></span> <span class='ocrx_word' id='word_1_117' title='bbox 360 1954 431 2033; x_wconf 88' lang='lat' dir='ltr'><strong>plus</strong></span> <span class='ocrx_word' id='word_1_118' title='bbox 453 1954 595 2013; x_wconf 87' lang='lat' dir='ltr'><strong>minusve</strong></span> <span class='ocrx_word' id='word_1_119' title='bbox 617 1952 817 2030; x_wconf 88' lang='lat' dir='ltr'><strong>participant.</strong></span> <span class='ocrx_word' id='word_1_120' title='bbox 836 1948 1021 2029; x_wconf 82' lang='lat' dir='ltr'><strong>Suhjectum</strong></span> 
     </span>
     <span class='ocr_line' id='line_1_19' title="bbox 85 2046 1019 2122; baseline -0.003 -16"><span class='ocrx_word' id='word_1_121' title='bbox 85 2064 160 2107; x_wconf 83' lang='lat' dir='ltr'><strong>vero</strong></span> <span class='ocrx_word' id='word_1_122' title='bbox 183 2052 451 2112; x_wconf 86' lang='lat' dir='ltr'><strong>sacramentorum</strong></span> <span class='ocrx_word' id='word_1_123' title='bbox 470 2051 544 2112; x_wconf 85' lang='lat' dir='ltr'><strong>sunt</strong></span> <span class='ocrx_word' id='word_1_124' title='bbox 558 2066 667 2111; x_wconf 88' lang='lat' dir='ltr'><strong>omnes</strong></span> <span class='ocrx_word' id='word_1_125' title='bbox 680 2047 866 2120; x_wconf 78' lang='lat' dir='ltr'><strong>Christiani3</strong></span> <span class='ocrx_word' id='word_1_126' title='bbox 890 2046 1019 2122; x_wconf 87' lang='lat' dir='ltr'><strong>excepto</strong></span> 
     </span>
    </p>
   </div>
   <div class='ocr_carea' id='block_1_4' title="bbox 22 2131 1022 2314">
    <p class='ocr_par' dir='ltr' id='par_1_4' title="bbox 22 2131 1022 2314">
     <span class='ocr_line' id='line_1_20' title="bbox 22 2131 1022 2224; baseline 0.002 -25"><span class='ocrx_word' id='word_1_127' title='bbox 22 2171 25 2176; x_wconf 95' lang='lat'>·</span> <span class='ocrx_word' id='word_1_128' title='bbox 86 2140 286 2221; x_wconf 83' lang='lat' dir='ltr'><strong>baptismate,</strong></span> <span class='ocrx_word' id='word_1_129' title='bbox 302 2146 387 2224; x_wconf 91' lang='lat' dir='ltr'><strong>quod</strong></span> <span class='ocrx_word' id='word_1_130' title='bbox 407 2131 593 2208; x_wconf 79' lang='lat' dir='ltr'><strong>christianos</strong></span> <span class='ocrx_word' id='word_1_131' title='bbox 608 2143 813 2224; x_wconf 87' lang='lat' dir='ltr'><strong>suscipientes</strong></span> <span class='ocrx_word' id='word_1_132' title='bbox 827 2159 890 2204; x_wconf 92' lang='lat' dir='ltr'><strong>non</strong></span> <span class='ocrx_word' id='word_1_133' title='bbox 904 2157 1022 2218; x_wconf 89' lang='lat' dir='ltr'><strong>suppo·</strong></span> 
     </span>
     <span class='ocr_line' id='line_1_21' title="bbox 86 2235 989 2314; baseline 0.019 -18"><span class='ocrx_word' id='word_1_134' title='bbox 86 2235 316 2314; x_wconf 70' lang='lat' dir='ltr'><strong>no‚seofo0o.</strong></span> <span class='ocrx_word' id='word_1_135' title='bbox 985 2238 989 2243; x_wconf 78' lang='grc'><strong>’</strong></span> 
     </span>
    </p>
   </div>
   <div class='ocr_carea' id='block_1_5' title="bbox 348 2395 767 2590">
    <p class='ocr_par' dir='ltr' id='par_1_5' title="bbox 348 2395 767 2590">
     <span class='ocr_line' id='line_1_22' title="bbox 348 2395 767 2478; baseline 0.007 -22"><span class='ocrx_word' id='word_1_136' title='bbox 348 2395 392 2459; x_wconf 85' lang='lat' dir='ltr'><strong>De</strong></span> <span class='ocrx_word' id='word_1_137' title='bbox 406 2397 607 2460; x_wconf 78' lang='lat' dir='ltr'><strong>Sacramentis</strong></span> <span class='ocrx_word' id='word_1_138' title='bbox 621 2398 651 2458; x_wconf 78' lang='lat' dir='ltr'><strong>in</strong></span> <span class='ocrx_word' id='word_1_139' title='bbox 665 2398 767 2478; x_wconf 78' lang='lat' dir='ltr'><strong>specie.</strong></span> 
     </span>
     <span class='ocr_line' id='line_1_23' title="bbox 409 2543 700 2590; baseline 0.007 -2"><span class='ocrx_word' id='word_1_140' title='bbox 409 2543 545 2589; x_wconf 79' lang='lat' dir='ltr'><strong>osrmoi.</strong></span> <span class='ocrx_word' id='word_1_141' title='bbox 571 2545 700 2590; x_wconf 71' lang='lat' dir='ltr'><strong>smnus.</strong></span> 
     </span>
    </p>
   </div>
   <div class='ocr_carea' id='block_1_6' title="bbox 461 2673 649 2714">
    <p class='ocr_par' dir='ltr' id='par_1_6' title="bbox 461 2673 649 2714">
     <span class='ocr_line' id='line_1_24' title="bbox 461 2673 649 2714; baseline 0 -2"><span class='ocrx_word' id='word_1_142' title='bbox 461 2673 494 2713; x_wconf 78' lang='lat' dir='ltr'><strong>DE</strong></span> <span class='ocrx_word' id='word_1_143' title='bbox 510 2673 649 2714; x_wconf 74' lang='lat' dir='ltr'><strong>somerio.</strong></span> 
     </span>
    </p>
   </div>
   <div class='ocr_carea' id='block_1_7' title="bbox 89 2805 1027 3567">
    <p class='ocr_par' dir='ltr' id='par_1_7' title="bbox 89 2805 1027 3469">
     <span class='ocr_line' id='line_1_25' title="bbox 127 2805 1023 2892; baseline -0.007 -20"><span class='ocrx_word' id='word_1_144' title='bbox 127 2814 151 2873; x_wconf 92' lang='lat' dir='ltr'><strong>l.</strong></span> <span class='ocrx_word' id='word_1_145' title='bbox 168 2814 339 2892; x_wconf 83' lang='lat' dir='ltr'><strong>Quousque</strong></span> <span class='ocrx_word' id='word_1_146' title='bbox 354 2812 448 2874; x_wconf 91' lang='lat' dir='ltr'><strong>homo</strong></span> <span class='ocrx_word' id='word_1_147' title='bbox 461 2811 494 2871; x_wconf 93' lang='lat' dir='ltr'><strong>in</strong></span> <span class='ocrx_word' id='word_1_148' title='bbox 509 2811 655 2890; x_wconf 78' lang='lat' dir='ltr'><strong>originali</strong></span> <span class='ocrx_word' id='word_1_149' title='bbox 674 2808 796 2890; x_wconf 83' lang='lat' dir='ltr'><strong>justitia</strong></span> <span class='ocrx_word' id='word_1_150' title='bbox 811 2815 843 2868; x_wconf 86' lang='lat' dir='ltr'><strong>et</strong></span> <span class='ocrx_word' id='word_1_151' title='bbox 856 2805 1023 2868; x_wconf 88' lang='lat' dir='ltr'><strong>sanctitate</strong></span> 
     </span>
     <span class='ocr_line' id='line_1_26' title="bbox 89 2905 1021 2988; baseline -0.003 -21"><span class='ocrx_word' id='word_1_152' title='bbox 89 2909 270 2986; x_wconf 82' lang='lat' dir='ltr'><strong>permansit,</strong></span> <span class='ocrx_word' id='word_1_153' title='bbox 287 2927 326 2969; x_wconf 89' lang='lat' dir='ltr'><strong>eo</strong></span> <span class='ocrx_word' id='word_1_154' title='bbox 343 2927 442 2988; x_wconf 89' lang='lat' dir='ltr'><strong>usque</strong></span> <span class='ocrx_word' id='word_1_155' title='bbox 457 2908 522 2968; x_wconf 87' lang='lat' dir='ltr'><strong>vita</strong></span> <span class='ocrx_word' id='word_1_156' title='bbox 532 2907 703 2986; x_wconf 78' lang='lat' dir='ltr'><strong>spiritualis</strong></span> <span class='ocrx_word' id='word_1_157' title='bbox 711 2906 757 2965; x_wconf 91' lang='lat' dir='ltr'><strong>illi</strong></span> <span class='ocrx_word' id='word_1_158' title='bbox 767 2905 954 2964; x_wconf 82' lang='lat' dir='ltr'><strong>conservata</strong></span> <span class='ocrx_word' id='word_1_159' title='bbox 963 2906 1021 2964; x_wconf 88' lang='lat' dir='ltr'><strong>est.</strong></span> 
     </span>
     <span class='ocr_line' id='line_1_27' title="bbox 90 3002 1024 3079; baseline -0.004 -15"><span class='ocrx_word' id='word_1_160' title='bbox 90 3005 206 3064; x_wconf 87' lang='lat' dir='ltr'><strong>Verum</strong></span> <span class='ocrx_word' id='word_1_161' title='bbox 221 3005 327 3066; x_wconf 86' lang='lat' dir='ltr'><strong>statim</strong></span> <span class='ocrx_word' id='word_1_162' title='bbox 342 3022 379 3065; x_wconf 92' lang='lat' dir='ltr'><strong>ac</strong></span> <span class='ocrx_word' id='word_1_163' title='bbox 393 3003 580 3065; x_wconf 85' lang='lat' dir='ltr'><strong>mandatum</strong></span> <span class='ocrx_word' id='word_1_164' title='bbox 599 3002 656 3063; x_wconf 86' lang='lat' dir='ltr'><strong>Dei</strong></span> <span class='ocrx_word' id='word_1_165' title='bbox 677 3005 892 3079; x_wconf 85' lang='lat' dir='ltr'><strong>transgressus</strong></span> <span class='ocrx_word' id='word_1_166' title='bbox 911 3002 969 3075; x_wconf 87' lang='lat' dir='ltr'><strong>est,</strong></span> <span class='ocrx_word' id='word_1_167' title='bbox 986 3017 1024 3060; x_wconf 92' lang='lat' dir='ltr'><strong>eo</strong></span> 
     </span>
     <span class='ocr_line' id='line_1_28' title="bbox 89 3095 1024 3177; baseline -0.001 -22"><span class='ocrx_word' id='word_1_168' title='bbox 89 3096 158 3174; x_wconf 91' lang='lat' dir='ltr'><strong>ipso</strong></span> <span class='ocrx_word' id='word_1_169' title='bbox 172 3100 203 3159; x_wconf 93' lang='lat' dir='ltr'><strong>in</strong></span> <span class='ocrx_word' id='word_1_170' title='bbox 223 3103 358 3159; x_wconf 85' lang='lat' dir='ltr'><strong>mortem</strong></span> <span class='ocrx_word' id='word_1_171' title='bbox 373 3099 568 3177; x_wconf 87' lang='lat' dir='ltr'><strong>spiritualem</strong></span> <span class='ocrx_word' id='word_1_172' title='bbox 582 3095 724 3175; x_wconf 79' lang='lat' dir='ltr'><strong>impegit,</strong></span> <span class='ocrx_word' id='word_1_173' title='bbox 741 3113 810 3174; x_wconf 84' lang='lat' dir='ltr'><strong>quae</strong></span> <span class='ocrx_word' id='word_1_174' title='bbox 821 3113 937 3155; x_wconf 86' lang='lat' dir='ltr'><strong>arcano</strong></span> <span class='ocrx_word' id='word_1_175' title='bbox 948 3112 1024 3172; x_wconf 88' lang='lat' dir='ltr'><strong>quo-</strong></span> 
     </span>
     <span class='ocr_line' id='line_1_29' title="bbox 89 3191 1027 3274; baseline 0 -22"><span class='ocrx_word' id='word_1_176' title='bbox 89 3191 164 3253; x_wconf 87' lang='lat' dir='ltr'><strong>dam</strong></span> <span class='ocrx_word' id='word_1_177' title='bbox 177 3193 250 3254; x_wconf 81' lang='lat' dir='ltr'><strong>fidei</strong></span> <span class='ocrx_word' id='word_1_178' title='bbox 265 3199 380 3262; x_wconf 87' lang='lat' dir='ltr'><strong>nostrae</strong></span> <span class='ocrx_word' id='word_1_179' title='bbox 391 3194 541 3274; x_wconf 87' lang='lat' dir='ltr'><strong>mysterio</strong></span> <span class='ocrx_word' id='word_1_180' title='bbox 552 3193 583 3254; x_wconf 95' lang='lat' dir='ltr'><strong>in</strong></span> <span class='ocrx_word' id='word_1_181' title='bbox 595 3211 706 3253; x_wconf 89' lang='lat' dir='ltr'><strong>omnes</strong></span> <span class='ocrx_word' id='word_1_182' title='bbox 715 3192 860 3253; x_wconf 88' lang='lat' dir='ltr'><strong>homines</strong></span> <span class='ocrx_word' id='word_1_183' title='bbox 870 3193 1027 3268; x_wconf 81' lang='lat' dir='ltr'><strong>quotquot</strong></span> 
     </span>
     <span class='ocr_line' id='line_1_30' title="bbox 89 3290 1024 3374; baseline -0.004 -23"><span class='ocrx_word' id='word_1_184' title='bbox 89 3291 210 3372; x_wconf 83' lang='lat' dir='ltr'><strong>abipso</strong></span> <span class='ocrx_word' id='word_1_185' title='bbox 226 3293 345 3354; x_wconf 85' lang='lat' dir='ltr'><strong>carnali</strong></span> <span class='ocrx_word' id='word_1_186' title='bbox 360 3293 565 3374; x_wconf 84' lang='lat' dir='ltr'><strong>generatione</strong></span> <span class='ocrx_word' id='word_1_187' title='bbox 579 3292 746 3371; x_wconf 88' lang='lat' dir='ltr'><strong>propagati</strong></span> <span class='ocrx_word' id='word_1_188' title='bbox 761 3307 870 3351; x_wconf 89' lang='lat' dir='ltr'><strong>sumus</strong></span> <span class='ocrx_word' id='word_1_189' title='bbox 881 3290 1024 3368; x_wconf 84' lang='lat' dir='ltr'><strong>(excepto</strong></span> 
     </span>
     <span class='ocr_line' id='line_1_31' title="bbox 91 3387 982 3469; baseline -0.002 -22"><span class='ocrx_word' id='word_1_190' title='bbox 91 3388 339 3468; x_wconf 82' lang='lat' dir='ltr'><strong>singularissimo</strong></span> <span class='ocrx_word' id='word_1_191' title='bbox 354 3391 390 3452; x_wconf 92' lang='grc' dir='ltr'><strong>Β.</strong></span> <span class='ocrx_word' id='word_1_192' title='bbox 407 3391 448 3452; x_wconf 88' lang='grc' dir='ltr'><strong>Μ.</strong></span> <span class='ocrx_word' id='word_1_193' title='bbox 467 3393 502 3453; x_wconf 87' lang='lat' dir='ltr'><strong>V.</strong></span> <span class='ocrx_word' id='word_1_194' title='bbox 521 3387 698 3469; x_wconf 87' lang='lat' dir='ltr'><strong>privilegio)</strong></span> <span class='ocrx_word' id='word_1_195' title='bbox 713 3395 911 3467; x_wconf 87' lang='lat' dir='ltr'><strong>transgressa</strong></span> <span class='ocrx_word' id='word_1_196' title='bbox 925 3391 982 3446; x_wconf 86' lang='lat' dir='ltr'><strong>est.</strong></span> 
     </span>
    </p>

    <p class='ocr_par' dir='ltr' id='par_1_8' title="bbox 127 3483 1024 3567">
     <span class='ocr_line' id='line_1_32' title="bbox 127 3483 1024 3567; baseline -0.009 -21"><span class='ocrx_word' id='word_1_197' title='bbox 127 3485 281 3556; x_wconf 84' lang='lat' dir='ltr'><strong>Quoniam</strong></span> <span class='ocrx_word' id='word_1_198' title='bbox 295 3487 391 3566; x_wconf 81' lang='lat' dir='ltr'><strong>igitur</strong></span> <span class='ocrx_word' id='word_1_199' title='bbox 404 3505 462 3567; x_wconf 91' lang='lat' dir='ltr'><strong>per</strong></span> <span class='ocrx_word' id='word_1_200' title='bbox 474 3491 641 3567; x_wconf 84' lang='lat' dir='ltr'><strong>peccatum</strong></span> <span class='ocrx_word' id='word_1_201' title='bbox 655 3483 827 3563; x_wconf 81' lang='lat' dir='ltr'><strong>spiritualis</strong></span> <span class='ocrx_word' id='word_1_202' title='bbox 846 3483 917 3544; x_wconf 77' lang='lat' dir='ltr'><strong>haec</strong></span> <span class='ocrx_word' id='word_1_203' title='bbox 938 3495 1024 3540; x_wconf 88' lang='lat' dir='ltr'><strong>mors</strong></span> 
     </span>
    </p>
   </div>
   <div class='ocr_carea' id='block_1_8' title="bbox 0 0 1246 4125">
    <p class='ocr_par' dir='ltr' id='par_1_9' title="bbox 0 0 1246 4125">
     <span class='ocr_line' id='line_1_33' title="bbox 0 0 1246 4125; baseline 0 0"><span class='ocrx_word' id='word_1_204' title='bbox 0 0 1246 4125; x_wconf 95' lang='lat' dir='ltr'><strong> </strong></span> 
     </span>
    </p>
   </div>
  </div>
 </body>
</html>
