2442 4125
170 307 227 366 ¹90
375 319 604 366 rnsrmunonos
625 321 709 366 Junrs
729 322 887 368 osnomor.

155 455 160 470 '
208 467 257 528 Ad
279 467 451 528 Ecclesiam
468 485 543 528 vero
558 467 745 530 orientalem
759 471 844 549 quod
858 472 983 549 attinet,
1000 474 1105 536 hodie

166 580 227 642 que
241 561 412 640 ambigitur
426 580 466 622 an
485 561 721 624 matrimonium
741 565 929 626 elericorum
946 566 1104 647 majorum

165 659 236 736 post
249 673 372 717 saonam
389 657 621 718 ordinationem
638 663 837 721 oontraotum
854 661 1021 723 subsistat.
1037 664 1105 723 Pla-

164 758 229 820 ouit
242 758 396 837 pluribus,
410 757 453 818 uti
464 756 560 819 refert
568 758 759 820 Benedictus
767 760 848 834 XIV,
856 759 1100 821 constitutione:

164 871 196 913 eo
210 853 354 932 quamvis,
372 854 440 914 haeo
453 852 655 913 matrimonia
669 871 737 914 esse
751 856 875 914 tantum
894 851 1028 928 illioita;
1053 856 1104 916 sed

164 948 252 1010 addit
267 966 334 1009 esse
349 947 450 1028 magis
461 949 705 1008 consentaneam
715 947 803 1027 praxi
819 951 1104 1028 congregationum

162 1061 376 1118 romanarum,
394 1043 581 1104 sententiam
596 1062 666 1123 quae
682 1062 721 1104 aa
738 1047 826 1107 tenet
843 1048 1004 1124 tanquam
1017 1048 1104 1108 inva-

163 1137 237 1198 lida.
255 1139 320 1198 Hao
337 1138 369 1198 in
384 1156 418 1198 re
434 1139 509 1200 oitat
528 1139 742 1211 iustinianum
759 1141 814 1219 qui
834 1140 900 1219 (lib.
917 1143 1018 1219 XLV,
1034 1144 1102 1204 ood.

163 1233 203 1293 de
217 1234 274 1311 Ep.
292 1239 323 1294 et
342 1234 431 1313 olor.)
451 1241 543 1296 vocat
561 1236 675 1296 horum
693 1236 818 1314 nuptias
837 1237 979 1298 nefarias
1010 1243 1043 1301 et
1060 1239 1105 1300 in-

163 1333 333 1406 cestuosas,
343 1333 375 1390 et
388 1330 468 1392 filios
483 1331 556 1392 inde
570 1335 660 1394 natos
673 1332 863 1412 illegitimos,
874 1334 973 1414 josto
988 1353 1026 1395 eo
1038 1356 1104 1418 qua

162 1425 253 1486 sooria
267 1426 327 1486 uiso
341 1433 409 1485 suot
421 1428 585 1490 canonibus.
900 1499 902 1503 ,

202 1524 265 1586 Sed
286 1523 372 1603 quod
393 1527 514 1602 spectat
534 1525 575 1585 ad
596 1525 899 1602 inlacrimasse
919 1529 1054 1592 Graeoos
1074 1536 1105 1594 et

161 1620 355 1682 Albanenses
375 1619 479 1699 quiin
499 1618 605 1680 Sieilia
625 1624 657 1679 at
677 1618 823 1680 Calabria
846 1625 1100 1696 commorantur,

160 1715 246 1774 nulla
260 1713 474 1776 controversia
492 1717 550 1775 est.
567 1715 648 1774 Nam
668 1713 753 1774 idem
770 1712 918 1775 Pontifex
936 1716 1054 1777 statuit
1070 1717 1101 1776 in

159 1827 216 1870 sua
231 1810 475 1872 constitutione:
501 1810 572 1871 Etsi
589 1811 765 1888 Postorolio,
781 1828 850 1888 oap.
869 1827 926 1887 vu,
945 1812 988 1872 de
1009 1815 1098 1874 Saor.

158 1906 233 1968 Ord.
250 1915 285 1966 n⁰
298 1910 348 1983 27,
365 1906 450 1986 quod
465 1907 491 1968 si
505 1908 575 1986 quis
589 1907 813 1984 subdiaconus,
828 1907 997 1985 diaeonus,
1014 1928 1101 1988 pres

157 2002 266 2082 bytar,
289 2007 361 2083 post
382 2021 506 2065 saonam
529 2004 777 2082 ordinationem,
801 2021 933 2065 uxorem
957 2004 1099 2081 duxerit,

157 2100 197 2162 sit
220 2101 423 2181 deponendus
447 2103 478 2162 et
501 2101 541 2163 ab
566 2100 732 2179 illegitima
758 2119 857 2163 uxore
883 2102 1096 2180 separandus.

156 2196 387 2258 Matrimonium
396 2198 479 2259 enim
487 2200 557 2277 post
567 2197 737 2260 recensitos
745 2197 871 2259 ordines
879 2199 1096 2273 oontraotum,
1118 2254 1124 2263 .

156 2289 277 2351 nullum
293 2295 324 2352 et
338 2293 461 2355 irritum
479 2294 687 2356 declaramus.

525 2456 549 2495 30
564 2452 597 2495 De
607 2452 719 2506 lipomine.

193 2574 301 2637 XXIX.
318 2575 397 2637 Cum
411 2580 531 2640 constet
545 2578 651 2639 divino
665 2578 748 2658 jure,
765 2580 941 2641 seeundum
956 2582 1094 2659 primiti·

153 2688 226 2733 vam
248 2672 439 2734 matrimonii
464 2674 707 2751 institutionem,
736 2675 968 2755 proclamatam
994 2676 1094 2737 fuisse

152 2768 364 2848 monopumiom
387 2772 418 2829 et
441 2768 721 2831 indissolubilitatem
741 2771 925 2850 nuptiarum,
949 2770 1092 2831 dubitari

151 2884 213 2927 non
228 2869 332 2944 potest
346 2864 452 2925 divino
463 2863 535 2944 jura
550 2865 745 2943 prohibitum
754 2866 860 2939 fuisse,
871 2866 999 2928 vivente
1014 2883 1092 2927 oon-

147 2959 234 3040 juge,
251 2960 340 3023 uitari
356 2960 486 3021 nubere.
499 2960 589 3021 Unde
602 2979 702 3021 unum
715 2961 953 3022 matrimonium
968 2962 1091 3023 iactum

151 3060 197 3117 est
215 3056 476 3135 impedimentum
498 3055 539 3115 ad
560 3054 647 3117 aliud
671 3074 835 3137 quousque
863 3057 1003 3136 primum
1031 3074 1090 3136 per

149 3155 284 3212 mortem
300 3170 361 3213 non
377 3152 561 3215 solveretur.

188 3244 450 3323 impedimentum
473 3250 580 3309 autem
603 3249 663 3310 hoo
691 3250 776 3312 velut
803 3251 916 3313 initum
940 3254 1086 3332 agnitum

148 3346 206 3417 est,
232 3341 358 3419 quando
382 3344 523 3405 Christus
546 3343 638 3424 juxta
661 3362 792 3424 eaquae
816 3347 938 3428 praefati
961 3366 1084 3425 sumus,

148 3436 226 3497 dixit
241 3436 394 3495 moechari
410 3456 463 3505 eos
478 3440 542 3517 qui,
559 3440 688 3503 dimissa
702 3461 810 3520 uxore,
827 3444 959 3505 alteram
973 3447 1081 3511 duoot

148 3532 231 3607 Ergo
246 3529 321 3589 satis
336 3546 373 3588 ex
389 3530 448 3591 hoo
463 3550 507 3593 ra.
