2442 4125
222 328 281 386 232
431 334 659 382 1nsrrrnrronas
680 333 765 378 rums
786 331 941 378 canorucr.

223 505 251 547 c.
268 485 386 565 penult.
403 483 443 543 de
457 449 563 542 l‘ldult.
577 479 690 558 juncta
702 478 798 558 gloss.
818 479 853 538 in
870 478 999 555 notatis,
1020 482 1058 540 et
1075 497 1103 539 c.
1120 497 1159 539 ex

221 578 334 641 lineas
347 581 378 653 a,
395 576 427 638 n.
444 579 467 637 t.

261 667 320 749 A'n,
337 675 369 734 et
382 671 413 731 in
429 670 542 749 quibus
555 665 668 727 casibus
681 683 746 726 non
766 665 860 728 liceat
878 664 1057 728 divortium
1074 666 1159 727 insti·

223 779 311 836 tuere
325 774 454 851 propter
468 767 537 846 conj
542 767 613 845 ugia
628 763 839 827 adulterium?

262 870 308 928 lla
334 866 450 946 triplici
474 863 672 943 potissimum
695 861 799 939 capite
823 878 886 921 non
910 862 1019 938 potest
1042 860 1159 922 institari

223 966 392 1028 divortium
420 964 460 1024 ob
488 960 633 1042 conjugis
661 958 862 1045 adulterium.
892 957 1003 1019 Primo
1033 959 1159 1033 scilicet,

223 1062 298 1142 qnia
318 1065 449 1140 uterque
470 1057 586 1137 conjux
609 1054 752 1135 ejusdem
775 1053 914 1114 criminis
938 1071 1016 1114 reus
1041 1059 1102 1131 est,
1123 1055 1160 1115 ob

222 1161 365 1222 mutuam
379 1156 566 1218 delictorum
579 1149 886 1229 compensationem,
905 1154 939 1212 nt
952 1150 1095 1213 dictum.
1111 1153 1162 1213 Se

223 1251 338 1326 cundo,
355 1252 382 1310 si
395 1250 489 1328 culpa
509 1252 601 1310 vacet
622 1245 822 1320 adulterium,
847 1244 924 1323 quia
943 1244 991 1305 ibi
1010 1247 1105 1308 nulla
1120 1251 1161 1306 cst

222 1346 387 1426 culpabilis
401 1347 475 1406 fidei
494 1345 634 1419 violatio,
657 1341 815 1420 separatio
835 1342 942 1402 locum
965 1360 1035 1403 non
1058 1343 1160 1404 habet

222 1443 327 1506 'lertio
342 1442 489 1521 deniqne,
507 1441 533 1500 si
546 1439 663 1518 conjux
682 1437 834 1497 innocens
854 1435 1008 1516 injuriam
1028 1438 1096 1498 sibi
1113 1456 1162 1516 per

223 1539 414 1603 adulterium
428 1537 547 1599 illatam
562 1551 721 1612 expresse,
744 1532 794 1591 vel
813 1531 908 1593 tuelle
928 1530 978 1610 (ut
998 1533 1027 1592 si
1050 1534 1162 1614 conjux

222 1635 373 1696 innocens
396 1633 540 1695 conscius
564 1627 709 1690 adulterii
731 1627 871 1703 alterius,
893 1632 1019 1705 sponte,
1048 1633 1085 1691 et
1104 1645 1163 1689 om·

223 1731 296 1790 nino
311 1730 408 1789 libere
424 1727 570 1804 copulam
585 1724 745 1786 carnalem
763 1742 837 1784 cum
855 1723 1002 1785 adultero
1024 1724 1163 1805 conjuge

222 1826 349 1900 habeat,
366 1825 421 1884 eut
435 1821 513 1881 alios
527 1826 616 1882 ectus
626 1819 813 1900 conjugibus
824 1837 991 1881 concessos
1000 1819 1162 1897 admittat)

223 1920 354 1997 remisit,
372 1922 403 1980 et
416 1919 507 1998 qnasi
521 1915 723 1978 condonavit.

262 2020 322 2094 lln,
349 2017 380 2078 et
404 2032 468 2095 qua
490 2013 610 2076 ratione
634 2012 786 2093 conjuges
809 2015 938 2093 propter
964 2011 1160 2076 adulterium

222 2113 369 2194 separati,
385 2110 412 2173 si
427 2112 536 2191 postea
550 2110 743 2172 reconciliati
761 2127 842 2169 unus
857 2110 907 2171 vel
921 2111 1059 2188 uterque
1081 2111 1162 2171 rela-

220 2210 313 2269 betur
321 2208 354 2267 in
365 2207 568 2282 adulterium,
581 2205 702 2283 possint
710 2204 805 2266 denae
816 2204 977 2266 divortium
987 2203 1160 2267 instituere?

261 2305 356 2362 Posse
371 2302 542 2363 iterum-ab
556 2301 734 2377 innocente,
751 2301 777 2361 si
787 2303 859 2380 post
866 2300 1159 2363 reconciliationem

219 2396 300 2456 alter
314 2413 434 2472 eorum,
452 2399 484 2458 in
499 2398 689 2459 adulterium
707 2396 881 2473 relabatur,
903 2396 1080 2458 divortium
1099 2399 1158 2460 ins·

219 2487 299 2561 titui,
325 2487 416 2564 ratio,
444 2493 475 2551 et
495 2488 667 2551 auctoritas
687 2508 785 2567 supra
805 2491 907 2551 relata
927 2490 1055 2569 probat,
1085 2494 1159 2573 quia

217 2583 399 2664 praecedens
413 2586 517 2662 venia,
533 2589 565 2646 et
579 2584 792 2646 reconciliatio
803 2585 844 2646 ad
853 2585 1016 2664 praeterita
1023 2588 1159 2665 quidem

218 2681 343 2757 delicta,
360 2699 423 2742 non
433 2685 541 2742 autem
555 2682 596 2741 ad
609 2681 716 2743 futura
730 2698 764 2741 se
774 2681 925 2743 extendit
939 2682 1038 2743 Sicuti
1049 2687 1158 2744 tamar

218 2777 436 2853 communiter,
453 2783 484 2837 ct
498 2794 555 2854 per
568 2795 602 2838 se
617 2794 681 2837 non
695 2780 820 2839 tenetur
840 2777 873 2837 in
892 2778 1094 2839 conscientia
1112 2799 1159 2840 se-

217 2892 330 2953 parare
345 2890 378 2932 se
400 2871 440 2933 ab
462 2870 606 2933 adultero
627 2872 788 2950 innocens,
811 2890 884 2933 cum
904 2873 1067 2952 separatio
1088 2876 1158 2937 talis

176 2994 181 3005 ·
217 2970 370 3048 permissa
385 2967 513 3047 quidem
526 2966 566 3028 sit
581 2985 600 3027 a
614 2968 748 3044 Christo,
770 2985 833 3029 non
853 2973 960 3029 tamen
978 2978 1154 3050 praecepta,

217 3068 248 3126 et
270 3065 369 3144 possit
394 3064 545 3125 innocens
575 3078 774 3143 quocumque
801 3067 944 3144 tempore
972 3065 1157 3127 adulterum

216 3179 246 3219 v.
263 3178 294 3237 g.
311 3159 475 3221 dimissum
489 3164 645 3235 repetere,
662 3158 758 3219 modo
774 3164 885 3219 neuter
899 3158 1078 3240 conjugum
1093 3166 1155 3223 sta·

216 3256 283 3313 turn
297 3254 482 3329 mutaverit;
499 3254 554 3330 ita,
571 3254 597 3314 si
611 3253 763 3314 innocens
777 3255 864 3332 prius
876 3258 950 3334 post
962 3258 1154 3318 sententiam

216 3344 342 3405 divortii
370 3348 477 3423 latam,
507 3348 688 3409 adulterum
711 3350 896 3426 committat,
927 3368 966 3410 ex
994 3352 1152 3430 probabili

215 3439 372 3497 sententia
394 3458 458 3500 non
481 3446 607 3504 tenetur
629 3442 734 3504 redire
760 3444 801 3505 ad
829 3444 1011 3525 conjugem,
1040 3464 1063 3507 a
1091 3464 1150 3527 quo

217 3532 347 3604 propter
370 3530 464 3606 hujus
487 3536 689 3614 adulterium,
715 3557 772 3617 per
793 3540 983 3602 sententiam
1003 3548 1152 3621 separata
