2442 4125
206 329 266 389 312
415 336 645 384 msrrrurrorss
666 335 749 382 suris
770 333 926 380 cononici.

209 483 360 564 eorporis,
375 487 470 561 prout
482 480 580 562 gessit
592 480 659 540 sive
673 478 792 540 honum
805 476 871 538 sive
893 476 1025 538 malum.
1047 479 1149 538 Porro

208 584 241 644 in
255 581 315 641 hae
332 578 525 640 districtione
542 575 655 655 judicii
677 577 780 655 potest
803 573 932 653 spiritus
953 574 1099 634 hominis
1119 575 1150 633 in

208 676 325 756 duplici
340 678 424 738 statu
437 673 581 754 reperiri,
596 672 745 734 videlicet
765 672 798 731 iu
813 676 896 733 statu
910 670 1083 732 charitatis
1097 677 1152 730 aut

209 789 283 833 non.
301 771 334 832 Si
349 770 476 851 quidem
488 770 522 829 iu
535 772 619 830 statu
634 768 796 829 charitatis
810 785 874 829 non
883 767 1079 848 reperiatur,
1096 784 1152 828 vo-

210 869 315 930 luntas
327 867 513 928 iltiusalteo
528 882 642 926 aversa
653 882 718 925 non
733 866 837 943 potest
846 863 903 924 Dei
910 863 1067 925 societate
1077 863 1149 937 frui,

211 963 343 1044 proinde
356 981 377 1023 a
389 961 536 1024 fruitione
550 959 607 1021 Dei
621 963 762 1022 remanet
776 959 913 1036 exclusa,
931 965 963 1020 et
983 958 1151 1019 acerrimis

212 1065 314 1144 poenis
326 1080 384 1142 pro
398 1061 455 1122 Dei
464 1060 600 1140 justitia,
612 1059 704 1138 juxta
718 1058 896 1121 debitorum
914 1057 1110 1136 qualitatem
1124 1064 1153 1117 et

211 1159 422 1239 quantitatem
434 1157 614 1218 mulctatur.
626 1157 666 1216 ut
679 1172 752 1216 oum
765 1155 909 1216 voluutas
918 1153 1004 1214 illius
1018 1153 1054 1212 in
1070 1157 1152 1215 statu

210 1242 338 1313 termini
358 1252 552 1331 reperiatur,
574 1269 633 1312 nee
654 1250 787 1330 proinde
809 1247 944 1327 amplius
966 1247 1152 1308 indiverso

212 1346 311 1425 possit
323 1347 450 1422 mutari,
468 1363 532 1407 noa
550 1347 648 1408 hahet
661 1345 796 1425 amplius
809 1343 1005 1423 poeuitentiee
1027 1343 1149 1414 locum3

213 1446 331 1504 etcum
344 1459 409 1502 uon
428 1442 527 1520 possit
546 1460 711 1504 removere
733 1441 931 1504 obstaculum
950 1439 1039 1519 quod
1057 1439 1153 1500 habet

213 1541 246 1600 in
260 1557 294 1599 se
307 1541 492 1618 perpetuam
505 1555 570 1600 suae
585 1537 756 1617 punitionis
763 1537 928 1612 rationem,
945 1537 1052 1600 status
1062 1536 1152 1615 puni-

213 1637 308 1699 tionis
321 1637 491 1715 perpetuus
504 1636 695 1714 perseveret.

254 1733 289 1794 Si
301 1751 377 1793 vero
391 1732 518 1810 spiritns
531 1732 667 1794 hominis
684 1731 716 1791 iu
739 1731 904 1793 sanctitate
928 1737 961 1792 et
979 1729 1110 1809 justitia
1123 1730 1152 1790 et

215 1828 367 1890 charitate
382 1829 567 1907 reperiatur,
584 1827 633 1889 sui
657 1828 759 1889 ultimi
771 1827 842 1888 finis
853 1827 1151 1894 eertooonsorserit

215 1925 388 2006 particeps;
405 1928 453 1987 est
466 1925 550 1986 enim
565 1925 676 2004 etipse
691 1926 723 1986 in
738 1928 820 1987 statu
835 1924 959 1988 termini
971 1929 1005 1986 et
1020 1924 1152 1987 achari-

216 2023 280 2081 tate
294 2018 429 2100 amplius
453 2019 588 2081 deficere
603 2036 666 2080 nou
680 2022 802 2097 potest;
820 2019 876 2081 sed
891 2037 954 2080 non
969 2021 1083 2080 mmen
1097 2019 1151 2080 im·

216 2115 352 2177 mediate
373 2116 416 2177 ad
433 2116 516 2177 illius
534 2115 726 2176 functionem
750 2116 943 2178 admittetur.
966 2116 1049 2177 Gum
1070 2116 1161 2177 enim

215 2208 360 2271 restituta
369 2208 491 2289 justitia
505 2211 536 2269 et
549 2208 715 2270 sanctitate
729 2227 787 2288 per
800 2213 1035 2272 sacramentum
1051 2210 1150 2290 poeni-

216 2302 326 2377 tentia,
342 2308 375 2362 et
395 2302 527 2380 proinde
549 2302 687 2363 demissa
707 2303 801 2384 culpa
830 2307 862 2366 et
893 2320 991 2381 poena
1021 2310 1146 2378 aeterna,

217 2395 323 2472 aliqua
348 2414 444 2473 poena
469 2398 652 2476 temporalis
679 2398 796 2460 luenda
819 2404 962 2462 remanet
987 2420 994 2462 :
1028 2404 1059 2462 et
1085 2400 1147 2459 sine

217 2489 384 2550 amissione
398 2494 668 2557 statnscharitatis
679 2495 862 2575 frequenter
871 2496 1018 2557 homines
1027 2514 1083 2575 pro
1092 2512 1149 2556 sua

216 2586 397 2649 infirmitate
412 2588 444 2649 in
458 2589 564 2651 vados
578 2591 719 2653 defectus
732 2610 790 2654 seu
804 2592 940 2654 venialia
959 2594 1085 2672 peccata
1097 2590 1149 2647 in-

217 2690 359 2762 currunt,
376 2686 465 2766 queis
486 2691 572 2749 certo
598 2706 706 2749 eoram
728 2688 853 2749 vindice
870 2687 996 2768 justitia
1018 2686 1074 2748 Dei
1093 2684 1149 2745 ali-

218 2800 282 2861 qua
296 2800 390 2861 poena
412 2782 595 2863 temporalis
609 2784 813 2862 respondean
837 2784 862 2844 si
884 2784 1078 2862 excipiamus
1091 2781 1151 2857 hy-

217 2877 374 2956 pothesim
402 2878 484 2940 illius
517 2880 571 2958 qui
602 2880 695 2958 plene
726 2882 880 2959 purgatus
913 2878 1067 2953 decedat,
1097 2874 1149 2955 qui

217 2970 365 3033 videlicet
378 2975 434 3033 aut
456 2974 527 3050 post
539 2976 705 3051 receptum
728 2972 921 3051 baptismum
941 2971 1065 3032 nullum
1079 2986 1150 3047 pec·

218 3070 324 3128 cutum
338 3065 511 3138 admiserit,
528 3070 584 3127 aut
597 3084 700 3144 poenae
714 3066 880 3145 temporali
895 3065 946 3127 vel
959 3071 1033 3143 post
1045 3063 1149 3125 remis-

218 3164 339 3225 sionem
362 3165 566 3240 peceatorum
586 3161 799 3240 superstitem,
820 3164 875 3223 aut
894 3162 1071 3222 venialibus
1090 3176 1150 3221 res·

220 3261 412 3336 pendentem
425 3258 622 3335 satisfecerit,
639 3258 692 3337 qui
707 3258 808 3337 potuit
823 3257 1006 3319 immediate
1020 3276 1077 3319 sno
1091 3256 1148 3316 fine

221 3353 330 3413 altimo
345 3354 449 3431 potiri,
466 3354 572 3417 eateri
587 3354 704 3416 debent
721 3353 850 3434 justitia
872 3354 985 3415 divina
1000 3349 1149 3433 promeri-

220 3451 269 3505 tas
283 3465 413 3522 poenas;
438 3454 631 3528 quapropter
651 3450 683 3510 in
698 3448 879 3529 purgatorio
893 3448 980 3511 velut
993 3451 1149 3524 tempore·

222 3555 281 3596 neo
296 3540 435 3615 quodam
448 3561 575 3605 carcere
589 3545 779 3621 detinentur,
787 3544 840 3605 ubi
856 3547 915 3604 eta
930 3543 1072 3603 fidelium
1083 3554 1148 3601 oum
