<?xml version="1.0" encoding="UTF-8"?>
<!DOCTYPE html PUBLIC "-//W3C//DTD XHTML 1.0 Transitional//EN"
    "http://www.w3.org/TR/xhtml1/DTD/xhtml1-transitional.dtd">
<html xmlns="http://www.w3.org/1999/xhtml" xml:lang="en" lang="en">
 <head>
  <title>
</title>
<meta http-equiv="Content-Type" content="text/html;charset=utf-8" />
  <meta name='ocr-system' content='tesseract 3.04.00' />
  <meta name='ocr-capabilities' content='ocr_page ocr_carea ocr_par ocr_line ocrx_word'/>
</head>
<body>
  <div class='ocr_page' id='page_1' title='image "./institutionesju04marigoog_0017.png"; bbox 0 0 2442 4125; ppageno 0'>
   <div class='ocr_carea' id='block_1_1' title="bbox 338 320 1040 382">
    <p class='ocr_par' dir='ltr' id='par_1_1' title="bbox 338 320 1040 382">
     <span class='ocr_line' id='line_1_1' title="bbox 338 320 1040 382; baseline -0.003 -2"><span class='ocrx_word' id='word_1_1' title='bbox 338 336 377 380; x_wconf 87' lang='lat' dir='ltr'><strong>ua</strong></span> <span class='ocrx_word' id='word_1_2' title='bbox 398 334 527 381; x_wconf 76' lang='lat' dir='ltr'><strong>ostnoro</strong></span> <span class='ocrx_word' id='word_1_3' title='bbox 547 335 631 381; x_wconf 78' lang='lat' dir='ltr'><strong>rums</strong></span> <span class='ocrx_word' id='word_1_4' title='bbox 652 334 809 382; x_wconf 71' lang='lat' dir='ltr'><strong>eruemur.</strong></span> <span class='ocrx_word' id='word_1_5' title='bbox 1020 320 1040 378; x_wconf 78' lang='grc'><strong>5</strong></span> 
     </span>
    </p>
   </div>
   <div class='ocr_carea' id='block_1_2' title="bbox 57 476 1044 1225">
    <p class='ocr_par' dir='ltr' id='par_1_2' title="bbox 57 476 1044 1225">
     <span class='ocr_line' id='line_1_2' title="bbox 105 476 1042 562; baseline -0.006 -19"><span class='ocrx_word' id='word_1_6' title='bbox 105 479 340 562; x_wconf 80' lang='lat' dir='ltr'><strong>procurandam</strong></span> <span class='ocrx_word' id='word_1_7' title='bbox 354 478 497 540; x_wconf 84' lang='lat' dir='ltr'><strong>instituta</strong></span> <span class='ocrx_word' id='word_1_8' title='bbox 510 476 605 537; x_wconf 87' lang='lat' dir='ltr'><strong>fuisse</strong></span> <span class='ocrx_word' id='word_1_9' title='bbox 619 496 626 538; x_wconf 75' lang='grc' dir='ltr'><strong><em>ε</em></strong></span> <span class='ocrx_word' id='word_1_10' title='bbox 639 476 896 555; x_wconf 74' lang='lat' dir='ltr'><strong>pradicationem</strong></span> <span class='ocrx_word' id='word_1_11' title='bbox 907 496 1042 558; x_wconf 77' lang='lat' dir='ltr'><strong>evange-</strong></span> 
     </span>
     <span class='ocr_line' id='line_1_3' title="bbox 57 570 1044 653; baseline -0.007 -15"><span class='ocrx_word' id='word_1_12' title='bbox 57 588 61 594; x_wconf 89' lang='grc'><strong>’</strong></span> <span class='ocrx_word' id='word_1_13' title='bbox 104 579 152 653; x_wconf 90' lang='lat' dir='ltr'><strong>lii,</strong></span> <span class='ocrx_word' id='word_1_14' title='bbox 175 576 225 638; x_wconf 89' lang='lat' dir='ltr'><strong>oui</strong></span> <span class='ocrx_word' id='word_1_15' title='bbox 247 574 453 653; x_wconf 81' lang='lat' dir='ltr'><strong>responderet</strong></span> <span class='ocrx_word' id='word_1_16' title='bbox 472 573 551 633; x_wconf 89' lang='lat' dir='ltr'><strong>fides</strong></span> <span class='ocrx_word' id='word_1_17' title='bbox 572 570 769 634; x_wconf 88' lang='lat' dir='ltr'><strong>audientium</strong></span> <span class='ocrx_word' id='word_1_18' title='bbox 790 571 968 651; x_wconf 72' lang='lat' dir='ltr'><strong>(predicate,</strong></span> <span class='ocrx_word' id='word_1_19' title='bbox 990 572 1044 653; x_wconf 80' lang='lat' dir='ltr'><strong>qui</strong></span> 
     </span>
     <span class='ocr_line' id='line_1_4' title="bbox 104 666 1044 749; baseline -0.006 -16"><span class='ocrx_word' id='word_1_20' title='bbox 104 669 293 749; x_wconf 81' lang='lat' dir='ltr'><strong>crediderit);</strong></span> <span class='ocrx_word' id='word_1_21' title='bbox 316 672 586 731; x_wconf 76' lang='lat' dir='ltr'><strong>sacramentorum</strong></span> <span class='ocrx_word' id='word_1_22' title='bbox 607 667 828 743; x_wconf 84' lang='lat' dir='ltr'><strong>ministerium,</strong></span> <span class='ocrx_word' id='word_1_23' title='bbox 845 666 896 728; x_wconf 88' lang='lat' dir='ltr'><strong>eui</strong></span> <span class='ocrx_word' id='word_1_24' title='bbox 911 685 1044 746; x_wconf 89' lang='lat' dir='ltr'><strong>respon·</strong></span> 
     </span>
     <span class='ocr_line' id='line_1_5' title="bbox 105 762 1042 845; baseline -0.007 -15"><span class='ocrx_word' id='word_1_25' title='bbox 105 768 163 830; x_wconf 90' lang='lat' dir='ltr'><strong>det</strong></span> <span class='ocrx_word' id='word_1_26' title='bbox 177 766 362 828; x_wconf 88' lang='lat' dir='ltr'><strong>eorumdem</strong></span> <span class='ocrx_word' id='word_1_27' title='bbox 375 765 531 844; x_wconf 82' lang='lat' dir='ltr'><strong>susceptio</strong></span> <span class='ocrx_word' id='word_1_28' title='bbox 547 764 612 845; x_wconf 79' lang='lat' dir='ltr'><strong>(qai</strong></span> <span class='ocrx_word' id='word_1_29' title='bbox 626 763 793 845; x_wconf 76' lang='lat' dir='ltr'><strong>baptizatas</strong></span> <span class='ocrx_word' id='word_1_30' title='bbox 806 762 921 843; x_wconf 57' lang='lat' dir='ltr'><strong>(neat).</strong></span> <span class='ocrx_word' id='word_1_31' title='bbox 939 764 1042 835; x_wconf 83' lang='lat' dir='ltr'><strong>Quare</strong></span> 
     </span>
     <span class='ocr_line' id='line_1_6' title="bbox 106 858 1043 937; baseline -0.003 -15"><span class='ocrx_word' id='word_1_32' title='bbox 106 861 191 922; x_wconf 87' lang='lat' dir='ltr'><strong>hane</strong></span> <span class='ocrx_word' id='word_1_33' title='bbox 210 859 462 921; x_wconf 71' lang='lat' dir='ltr'><strong>dissertationem</strong></span> <span class='ocrx_word' id='word_1_34' title='bbox 482 859 522 920; x_wconf 92' lang='lat' dir='ltr'><strong>de</strong></span> <span class='ocrx_word' id='word_1_35' title='bbox 540 859 636 920; x_wconf 85' lang='lat' dir='ltr'><strong>rebus</strong></span> <span class='ocrx_word' id='word_1_36' title='bbox 654 858 870 937; x_wconf 79' lang='lat' dir='ltr'><strong>spiritualibus</strong></span> <span class='ocrx_word' id='word_1_37' title='bbox 890 858 1043 921; x_wconf 88' lang='lat' dir='ltr'><strong>ordinatis</strong></span> 
     </span>
     <span class='ocr_line' id='line_1_7' title="bbox 106 954 1039 1035; baseline -0.004 -16"><span class='ocrx_word' id='word_1_38' title='bbox 106 958 151 1019; x_wconf 90' lang='lat' dir='ltr'><strong>ad</strong></span> <span class='ocrx_word' id='word_1_39' title='bbox 178 956 276 1019; x_wconf 84' lang='lat' dir='ltr'><strong>vitam</strong></span> <span class='ocrx_word' id='word_1_40' title='bbox 298 956 569 1033; x_wconf 88' lang='lat' dir='ltr'><strong>supernaturalem</strong></span> <span class='ocrx_word' id='word_1_41' title='bbox 592 955 767 1035; x_wconf 73' lang='lat' dir='ltr'><strong>prasertim</strong></span> <span class='ocrx_word' id='word_1_42' title='bbox 788 954 984 1033; x_wconf 86' lang='lat' dir='ltr'><strong>operandam</strong></span> <span class='ocrx_word' id='word_1_43' title='bbox 1007 955 1039 1015; x_wconf 93' lang='lat' dir='ltr'><strong>in</strong></span> 
     </span>
     <span class='ocr_line' id='line_1_8' title="bbox 105 1048 1043 1131; baseline -0.005 -17"><span class='ocrx_word' id='word_1_44' title='bbox 105 1054 173 1114; x_wconf 92' lang='lat' dir='ltr'><strong>duo</strong></span> <span class='ocrx_word' id='word_1_45' title='bbox 188 1052 292 1131; x_wconf 85' lang='lat' dir='ltr'><strong>eapite</strong></span> <span class='ocrx_word' id='word_1_46' title='bbox 305 1050 475 1113; x_wconf 82' lang='lat' dir='ltr'><strong>dividimus</strong></span> <span class='ocrx_word' id='word_1_47' title='bbox 488 1069 496 1111; x_wconf 92' lang='lat'>:</span> <span class='ocrx_word' id='word_1_48' title='bbox 510 1050 649 1128; x_wconf 90' lang='lat' dir='ltr'><strong>primum</strong></span> <span class='ocrx_word' id='word_1_49' title='bbox 663 1050 702 1111; x_wconf 91' lang='lat' dir='ltr'><strong>de</strong></span> <span class='ocrx_word' id='word_1_50' title='bbox 717 1049 940 1129; x_wconf 80' lang='lat' dir='ltr'><strong>praedieatione</strong></span> <span class='ocrx_word' id='word_1_51' title='bbox 953 1048 1043 1111; x_wconf 80' lang='lat' dir='ltr'><strong>verbi</strong></span> 
     </span>
     <span class='ocr_line' id='line_1_9' title="bbox 104 1146 652 1225; baseline -0.007 -14"><span class='ocrx_word' id='word_1_52' title='bbox 104 1149 176 1225; x_wconf 91' lang='lat' dir='ltr'><strong>Dei,</strong></span> <span class='ocrx_word' id='word_1_53' title='bbox 194 1148 367 1210; x_wconf 91' lang='lat' dir='ltr'><strong>seeundum</strong></span> <span class='ocrx_word' id='word_1_54' title='bbox 382 1146 422 1208; x_wconf 89' lang='lat' dir='ltr'><strong>de</strong></span> <span class='ocrx_word' id='word_1_55' title='bbox 436 1146 652 1222; x_wconf 79' lang='lat' dir='ltr'><strong>sacramentis,</strong></span> 
     </span>
    </p>
   </div>
   <div class='ocr_carea' id='block_1_3' title="bbox 344 1344 803 1509">
    <p class='ocr_par' dir='ltr' id='par_1_3' title="bbox 344 1344 803 1509">
     <span class='ocr_line' id='line_1_10' title="bbox 447 1344 709 1397; baseline -0.008 -2"><span class='ocrx_word' id='word_1_56' title='bbox 447 1345 552 1397; x_wconf 76' lang='lat' dir='ltr'>CAPUT</span> <span class='ocrx_word' id='word_1_57' title='bbox 568 1344 709 1397; x_wconf 80' lang='lat' dir='ltr'><strong>Pltllllltl.</strong></span> 
     </span>
     <span class='ocr_line' id='line_1_11' title="bbox 344 1466 803 1509; baseline -0.002 -3"><span class='ocrx_word' id='word_1_58' title='bbox 344 1466 377 1506; x_wconf 86' lang='lat' dir='ltr'><strong>un</strong></span> <span class='ocrx_word' id='word_1_59' title='bbox 394 1466 596 1507; x_wconf 77' lang='lat' dir='ltr'><strong>rnnnrcsrrour</strong></span> <span class='ocrx_word' id='word_1_60' title='bbox 613 1467 691 1507; x_wconf 74' lang='lat' dir='ltr'><strong>naar</strong></span> <span class='ocrx_word' id='word_1_61' title='bbox 708 1468 803 1509; x_wconf 76' lang='lat' dir='ltr'><strong>autur.</strong></span> 
     </span>
    </p>
   </div>
   <div class='ocr_carea' id='block_1_4' title="bbox 105 1602 1044 1779">
    <p class='ocr_par' dir='ltr' id='par_1_4' title="bbox 105 1602 1044 1779">
     <span class='ocr_line' id='line_1_12' title="bbox 151 1602 1043 1685; baseline 0.004 -22"><span class='ocrx_word' id='word_1_62' title='bbox 151 1604 255 1665; x_wconf 89' lang='lat' dir='ltr'><strong>Primo</strong></span> <span class='ocrx_word' id='word_1_63' title='bbox 270 1602 438 1665; x_wconf 88' lang='lat' dir='ltr'><strong>dieendum</strong></span> <span class='ocrx_word' id='word_1_64' title='bbox 452 1603 513 1666; x_wconf 84' lang='lat' dir='ltr'><strong>erit</strong></span> <span class='ocrx_word' id='word_1_65' title='bbox 526 1604 566 1664; x_wconf 94' lang='lat' dir='ltr'><strong>de</strong></span> <span class='ocrx_word' id='word_1_66' title='bbox 585 1603 684 1682; x_wconf 87' lang='lat' dir='ltr'><strong>ipsius</strong></span> <span class='ocrx_word' id='word_1_67' title='bbox 704 1604 749 1665; x_wconf 88' lang='lat' dir='ltr'><strong>rei</strong></span> <span class='ocrx_word' id='word_1_68' title='bbox 769 1607 901 1679; x_wconf 82' lang='lat' dir='ltr'><strong>natura3</strong></span> <span class='ocrx_word' id='word_1_69' title='bbox 923 1609 1043 1685; x_wconf 86' lang='lat' dir='ltr'><strong>postre-</strong></span> 
     </span>
     <span class='ocr_line' id='line_1_13' title="bbox 105 1698 1044 1779; baseline 0.002 -18"><span class='ocrx_word' id='word_1_70' title='bbox 105 1716 163 1761; x_wconf 90' lang='lat' dir='ltr'><strong>mo</strong></span> <span class='ocrx_word' id='word_1_71' title='bbox 179 1700 218 1760; x_wconf 90' lang='lat' dir='ltr'><strong>de</strong></span> <span class='ocrx_word' id='word_1_72' title='bbox 234 1699 375 1779; x_wconf 82' lang='lat' dir='ltr'><strong>ejusdem</strong></span> <span class='ocrx_word' id='word_1_73' title='bbox 394 1698 545 1761; x_wconf 85' lang='lat' dir='ltr'><strong>relatione</strong></span> <span class='ocrx_word' id='word_1_74' title='bbox 566 1717 639 1760; x_wconf 88' lang='lat' dir='ltr'><strong>oum</strong></span> <span class='ocrx_word' id='word_1_75' title='bbox 657 1700 782 1762; x_wconf 88' lang='lat' dir='ltr'><strong>interna</strong></span> <span class='ocrx_word' id='word_1_76' title='bbox 799 1702 946 1764; x_wconf 82' lang='lat' dir='ltr'><strong>lleelesioe</strong></span> <span class='ocrx_word' id='word_1_77' title='bbox 962 1720 1044 1765; x_wconf 86' lang='lat' dir='ltr'><strong>oeoo·</strong></span> 
     </span>
    </p>
   </div>
   <div class='ocr_carea' id='block_1_5' title="bbox 10 1796 226 1857">
    <p class='ocr_par' dir='ltr' id='par_1_5' title="bbox 10 1796 226 1857">
     <span class='ocr_line' id='line_1_14' title="bbox 10 1796 226 1857; baseline 0.005 -1"><span class='ocrx_word' id='word_1_78' title='bbox 10 1797 14 1805; x_wconf 90' lang='grc'><strong><em>’</em></strong></span> <span class='ocrx_word' id='word_1_79' title='bbox 106 1796 226 1857; x_wconf 87' lang='lat' dir='ltr'><strong>nomia.</strong></span> 
     </span>
    </p>
   </div>
   <div class='ocr_carea' id='block_1_6' title="bbox 332 1899 826 1949">
    <p class='ocr_par' dir='ltr' id='par_1_6' title="bbox 332 1899 826 1949">
     <span class='ocr_line' id='line_1_15' title="bbox 332 1899 826 1949; baseline 0.004 -6"><span class='ocrx_word' id='word_1_80' title='bbox 332 1906 345 1949; x_wconf 68' lang='grc'>5</span> <span class='ocrx_word' id='word_1_81' title='bbox 360 1899 381 1943; x_wconf 89' lang='grc' dir='ltr'><strong>Ι.</strong></span> <span class='ocrx_word' id='word_1_82' title='bbox 395 1910 423 1943; x_wconf 78' lang='lat' dir='ltr'><strong>aa</strong></span> <span class='ocrx_word' id='word_1_83' title='bbox 438 1909 513 1943; x_wconf 79' lang='lat' dir='ltr'><strong>uuus</strong></span> <span class='ocrx_word' id='word_1_84' title='bbox 528 1910 708 1945; x_wconf 74' lang='lat' dir='ltr'><strong>raanraarrorrs</strong></span> <span class='ocrx_word' id='word_1_85' title='bbox 721 1912 826 1945; x_wconf 71' lang='lat' dir='ltr'><strong>struas.</strong></span> 
     </span>
    </p>
   </div>
   <div class='ocr_carea' id='block_1_7' title="bbox 149 2001 1045 2086">
    <p class='ocr_par' dir='ltr' id='par_1_7' title="bbox 149 2001 1045 2086">
     <span class='ocr_line' id='line_1_16' title="bbox 149 2001 1045 2086; baseline 0.001 -19"><span class='ocrx_word' id='word_1_86' title='bbox 149 2007 176 2067; x_wconf 91' lang='lat' dir='ltr'><strong>l.</strong></span> <span class='ocrx_word' id='word_1_87' title='bbox 202 2003 405 2080; x_wconf 77' lang='lat' dir='ltr'><strong>eradicatio,</strong></span> <span class='ocrx_word' id='word_1_88' title='bbox 428 2001 460 2063; x_wconf 93' lang='lat' dir='ltr'><strong>in</strong></span> <span class='ocrx_word' id='word_1_89' title='bbox 485 2004 638 2083; x_wconf 88' lang='lat' dir='ltr'><strong>quantum</strong></span> <span class='ocrx_word' id='word_1_90' title='bbox 661 2009 709 2065; x_wconf 90' lang='lat' dir='ltr'><strong>est</strong></span> <span class='ocrx_word' id='word_1_91' title='bbox 735 2007 836 2067; x_wconf 87' lang='lat' dir='ltr'><strong>oratio</strong></span> <span class='ocrx_word' id='word_1_92' title='bbox 858 2010 891 2068; x_wconf 89' lang='lat' dir='ltr'><strong>et</strong></span> <span class='ocrx_word' id='word_1_93' title='bbox 917 2006 1045 2086; x_wconf 87' lang='lat' dir='ltr'><strong>publiea</strong></span> 
     </span>
    </p>
   </div>
   <div class='ocr_carea' id='block_1_8' title="bbox 108 2095 1044 2173">
    <p class='ocr_par' dir='ltr' id='par_1_8' title="bbox 108 2095 1044 2173">
     <span class='ocr_line' id='line_1_17' title="bbox 108 2095 1044 2173; baseline 0.004 -14"><span class='ocrx_word' id='word_1_94' title='bbox 108 2099 259 2159; x_wconf 79' lang='lat' dir='ltr'><strong>revelata</strong></span> <span class='ocrx_word' id='word_1_95' title='bbox 273 2098 414 2160; x_wconf 83' lang='lat' dir='ltr'><strong>veritatis</strong></span> <span class='ocrx_word' id='word_1_96' title='bbox 435 2095 642 2173; x_wconf 90' lang='lat' dir='ltr'><strong>annuntiatio,</strong></span> <span class='ocrx_word' id='word_1_97' title='bbox 660 2096 699 2158; x_wconf 90' lang='lat' dir='ltr'><strong>de</strong></span> <span class='ocrx_word' id='word_1_98' title='bbox 717 2097 831 2159; x_wconf 80' lang='lat' dir='ltr'><strong>Christi</strong></span> <span class='ocrx_word' id='word_1_99' title='bbox 850 2098 1044 2163; x_wconf 85' lang='lat' dir='ltr'><strong>institutione</strong></span> 
     </span>
    </p>
   </div>
   <div class='ocr_carea' id='block_1_9' title="bbox 10 2189 1043 2272">
    <p class='ocr_par' dir='ltr' id='par_1_9' title="bbox 10 2189 1043 2272">
     <span class='ocr_line' id='line_1_18' title="bbox 10 2189 1043 2272; baseline 0.002 -18"><span class='ocrx_word' id='word_1_100' title='bbox 10 2189 12 2196; x_wconf 58' lang='lat'>‘</span> <span class='ocrx_word' id='word_1_101' title='bbox 107 2195 161 2254; x_wconf 88' lang='lat' dir='ltr'><strong>est</strong></span> <span class='ocrx_word' id='word_1_102' title='bbox 182 2192 247 2252; x_wconf 88' lang='lat' dir='ltr'><strong>sine</strong></span> <span class='ocrx_word' id='word_1_103' title='bbox 270 2191 377 2253; x_wconf 88' lang='lat' dir='ltr'><strong>dubio.</strong></span> <span class='ocrx_word' id='word_1_104' title='bbox 404 2191 494 2263; x_wconf 85' lang='lat' dir='ltr'><strong>Quod</strong></span> <span class='ocrx_word' id='word_1_105' title='bbox 517 2191 593 2251; x_wconf 89' lang='lat' dir='ltr'><strong>setis</strong></span> <span class='ocrx_word' id='word_1_106' title='bbox 614 2193 746 2270; x_wconf 88' lang='lat' dir='ltr'><strong>apparet</strong></span> <span class='ocrx_word' id='word_1_107' title='bbox 764 2195 832 2253; x_wconf 90' lang='lat' dir='ltr'><strong>tum</strong></span> <span class='ocrx_word' id='word_1_108' title='bbox 853 2210 892 2253; x_wconf 84' lang='lat' dir='ltr'><strong>ex</strong></span> <span class='ocrx_word' id='word_1_109' title='bbox 913 2193 1043 2272; x_wconf 76' lang='lat' dir='ltr'><strong>praelato</strong></span> 
     </span>
    </p>
   </div>
   <div class='ocr_carea' id='block_1_10' title="bbox 98 2282 1044 3609">
    <p class='ocr_par' dir='ltr' id='par_1_10' title="bbox 98 2282 1044 3609">
     <span class='ocr_line' id='line_1_19' title="bbox 104 2282 1043 2365; baseline 0.001 -18"><span class='ocrx_word' id='word_1_110' title='bbox 104 2289 197 2347; x_wconf 81' lang='lat' dir='ltr'><strong>textu</strong></span> <span class='ocrx_word' id='word_1_111' title='bbox 225 2283 339 2358; x_wconf 82' lang='lat' dir='ltr'><strong>Marci,</strong></span> <span class='ocrx_word' id='word_1_112' title='bbox 363 2285 431 2343; x_wconf 89' lang='lat' dir='ltr'><strong>tum</strong></span> <span class='ocrx_word' id='word_1_113' title='bbox 452 2301 490 2341; x_wconf 87' lang='lat' dir='ltr'><strong>ex</strong></span> <span class='ocrx_word' id='word_1_114' title='bbox 514 2282 666 2360; x_wconf 87' lang='lat' dir='ltr'><strong>parallelo</strong></span> <span class='ocrx_word' id='word_1_115' title='bbox 688 2284 826 2346; x_wconf 76' lang='lat' dir='ltr'><strong>Matthaei</strong></span> <span class='ocrx_word' id='word_1_116' title='bbox 849 2285 970 2364; x_wconf 67' lang='lat' dir='ltr'><strong>(xxvun</strong></span> <span class='ocrx_word' id='word_1_117' title='bbox 993 2287 1043 2365; x_wconf 88' lang='lat' dir='ltr'><strong>l8)</strong></span> 
     </span>
     <span class='ocr_line' id='line_1_20' title="bbox 103 2377 1044 2460; baseline 0.002 -20"><span class='ocrx_word' id='word_1_118' title='bbox 103 2397 208 2459; x_wconf 85' lang='lat' dir='ltr'><strong>quum</strong></span> <span class='ocrx_word' id='word_1_119' title='bbox 223 2378 374 2454; x_wconf 78' lang='lat' dir='ltr'><strong>Christus,</strong></span> <span class='ocrx_word' id='word_1_120' title='bbox 387 2377 543 2457; x_wconf 87' lang='lat' dir='ltr'><strong>promissa</strong></span> <span class='ocrx_word' id='word_1_121' title='bbox 557 2381 710 2455; x_wconf 89' lang='lat' dir='ltr'><strong>potestate</strong></span> <span class='ocrx_word' id='word_1_122' title='bbox 725 2397 849 2441; x_wconf 89' lang='lat' dir='ltr'><strong>summa</strong></span> <span class='ocrx_word' id='word_1_123' title='bbox 864 2399 934 2460; x_wconf 83' lang='lat' dir='ltr'><strong>quae</strong></span> <span class='ocrx_word' id='word_1_124' title='bbox 949 2381 1009 2459; x_wconf 85' lang='lat' dir='ltr'><strong>ipsi</strong></span> <span class='ocrx_word' id='word_1_125' title='bbox 1024 2399 1044 2442; x_wconf 91' lang='lat' dir='ltr'><strong>a</strong></span> 
     </span>
     <span class='ocr_line' id='line_1_21' title="bbox 103 2473 1043 2553; baseline 0.002 -18"><span class='ocrx_word' id='word_1_126' title='bbox 103 2477 202 2535; x_wconf 90' lang='lat' dir='ltr'><strong>Patre</strong></span> <span class='ocrx_word' id='word_1_127' title='bbox 224 2473 471 2549; x_wconf 71' lang='lat' dir='ltr'><strong>eollatatuerat,</strong></span> <span class='ocrx_word' id='word_1_128' title='bbox 496 2473 622 2535; x_wconf 82' lang='lat' dir='ltr'><strong>dicebat</strong></span> <span class='ocrx_word' id='word_1_129' title='bbox 641 2475 791 2553; x_wconf 89' lang='lat' dir='ltr'><strong>apostolis</strong></span> <span class='ocrx_word' id='word_1_130' title='bbox 811 2475 876 2536; x_wconf 88' lang='lat' dir='ltr'><strong>auis</strong></span> <span class='ocrx_word' id='word_1_131' title='bbox 899 2495 906 2536; x_wconf 91' lang='lat'><strong>:</strong></span> <span class='ocrx_word' id='word_1_132' title='bbox 929 2475 1043 2537; x_wconf 73' lang='lat' dir='ltr'><strong>Erotes</strong></span> 
     </span>
     <span class='ocr_line' id='line_1_22' title="bbox 100 2569 1044 2651; baseline 0.005 -21"><span class='ocrx_word' id='word_1_133' title='bbox 100 2570 206 2632; x_wconf 79' lang='lat' dir='ltr'><strong>docete</strong></span> <span class='ocrx_word' id='word_1_134' title='bbox 219 2588 314 2631; x_wconf 76' lang='lat' dir='ltr'><strong>manee</strong></span> <span class='ocrx_word' id='word_1_135' title='bbox 328 2577 435 2650; x_wconf 69' lang='lat' dir='ltr'><strong>pentes,</strong></span> <span class='ocrx_word' id='word_1_136' title='bbox 452 2574 512 2631; x_wconf 88' lang='lat' dir='ltr'><strong>eto.</strong></span> <span class='ocrx_word' id='word_1_137' title='bbox 530 2569 650 2642; x_wconf 86' lang='lat' dir='ltr'><strong>Quibus</strong></span> <span class='ocrx_word' id='word_1_138' title='bbox 663 2589 702 2630; x_wconf 87' lang='lat' dir='ltr'><strong>ex</strong></span> <span class='ocrx_word' id='word_1_139' title='bbox 715 2571 792 2632; x_wconf 88' lang='lat' dir='ltr'><strong>loeis</strong></span> <span class='ocrx_word' id='word_1_140' title='bbox 807 2577 929 2634; x_wconf 82' lang='lat' dir='ltr'><strong>constat</strong></span> <span class='ocrx_word' id='word_1_141' title='bbox 943 2573 1044 2651; x_wconf 89' lang='lat' dir='ltr'><strong>quod-</strong></span> 
     </span>
     <span class='ocr_line' id='line_1_23' title="bbox 101 2665 1043 2744; baseline 0.001 -16"><span class='ocrx_word' id='word_1_142' title='bbox 101 2667 184 2728; x_wconf 90' lang='lat' dir='ltr'><strong>dam</strong></span> <span class='ocrx_word' id='word_1_143' title='bbox 198 2665 320 2726; x_wconf 86' lang='lat' dir='ltr'><strong>visibile</strong></span> <span class='ocrx_word' id='word_1_144' title='bbox 334 2665 551 2744; x_wconf 80' lang='lat' dir='ltr'><strong>magisterium</strong></span> <span class='ocrx_word' id='word_1_145' title='bbox 570 2666 711 2728; x_wconf 87' lang='lat' dir='ltr'><strong>veritatis</strong></span> <span class='ocrx_word' id='word_1_146' title='bbox 729 2683 749 2726; x_wconf 93' lang='lat' dir='ltr'><strong>a</strong></span> <span class='ocrx_word' id='word_1_147' title='bbox 767 2667 889 2728; x_wconf 79' lang='lat' dir='ltr'><strong>Christo</strong></span> <span class='ocrx_word' id='word_1_148' title='bbox 910 2666 1043 2729; x_wconf 85' lang='lat' dir='ltr'><strong>Domino</strong></span> 
     </span>
     <span class='ocr_line' id='line_1_24' title="bbox 100 2759 1043 2839; baseline -0.002 -15"><span class='ocrx_word' id='word_1_149' title='bbox 100 2760 204 2824; x_wconf 84' lang='lat' dir='ltr'><strong>fuisse</strong></span> <span class='ocrx_word' id='word_1_150' title='bbox 218 2760 405 2822; x_wconf 91' lang='lat' dir='ltr'><strong>institutum.</strong></span> <span class='ocrx_word' id='word_1_151' title='bbox 429 2762 495 2820; x_wconf 85' lang='lat' dir='ltr'><strong>Hoc</strong></span> <span class='ocrx_word' id='word_1_152' title='bbox 516 2763 622 2822; x_wconf 89' lang='lat' dir='ltr'><strong>autem</strong></span> <span class='ocrx_word' id='word_1_153' title='bbox 644 2759 838 2839; x_wconf 80' lang='lat' dir='ltr'><strong>pradioandi</strong></span> <span class='ocrx_word' id='word_1_154' title='bbox 852 2779 967 2823; x_wconf 90' lang='lat' dir='ltr'><strong>munus</strong></span> <span class='ocrx_word' id='word_1_155' title='bbox 980 2779 1043 2822; x_wconf 91' lang='lat' dir='ltr'><strong>non</strong></span> 
     </span>
     <span class='ocr_line' id='line_1_25' title="bbox 100 2855 1043 2935; baseline 0.002 -16"><span class='ocrx_word' id='word_1_156' title='bbox 100 2858 148 2919; x_wconf 90' lang='lat' dir='ltr'><strong>ad</strong></span> <span class='ocrx_word' id='word_1_157' title='bbox 174 2874 270 2918; x_wconf 89' lang='lat' dir='ltr'><strong>unam</strong></span> <span class='ocrx_word' id='word_1_158' title='bbox 293 2859 418 2919; x_wconf 87' lang='lat' dir='ltr'><strong>aetatem</strong></span> <span class='ocrx_word' id='word_1_159' title='bbox 441 2856 706 2935; x_wconf 80' lang='lat' dir='ltr'><strong>restringendum,</strong></span> <span class='ocrx_word' id='word_1_160' title='bbox 730 2855 786 2916; x_wconf 88' lang='lat' dir='ltr'><strong>sed</strong></span> <span class='ocrx_word' id='word_1_161' title='bbox 813 2875 870 2935; x_wconf 85' lang='lat' dir='ltr'><strong>pro</strong></span> <span class='ocrx_word' id='word_1_162' title='bbox 899 2856 1043 2921; x_wconf 83' lang='lat' dir='ltr'><strong>omnibus</strong></span> 
     </span>
     <span class='ocr_line' id='line_1_26' title="bbox 100 2952 1043 3032; baseline 0 -16"><span class='ocrx_word' id='word_1_163' title='bbox 100 2953 253 3016; x_wconf 82' lang='lat' dir='ltr'><strong>aetatibus</strong></span> <span class='ocrx_word' id='word_1_164' title='bbox 268 2952 363 3014; x_wconf 87' lang='lat' dir='ltr'><strong>luisse</strong></span> <span class='ocrx_word' id='word_1_165' title='bbox 382 2952 560 3014; x_wconf 87' lang='lat' dir='ltr'><strong>institutum</strong></span> <span class='ocrx_word' id='word_1_166' title='bbox 579 2955 677 3031; x_wconf 88' lang='lat' dir='ltr'><strong>patet,</strong></span> <span class='ocrx_word' id='word_1_167' title='bbox 694 2955 761 3013; x_wconf 90' lang='lat' dir='ltr'><strong>tum</strong></span> <span class='ocrx_word' id='word_1_168' title='bbox 780 2970 819 3012; x_wconf 84' lang='lat' dir='ltr'><strong>ex</strong></span> <span class='ocrx_word' id='word_1_169' title='bbox 837 2970 875 3013; x_wconf 92' lang='lat' dir='ltr'><strong>eo</strong></span> <span class='ocrx_word' id='word_1_170' title='bbox 896 2953 981 3032; x_wconf 87' lang='lat' dir='ltr'><strong>quod</strong></span> <span class='ocrx_word' id='word_1_171' title='bbox 1002 2955 1043 3016; x_wconf 89' lang='lat' dir='ltr'><strong>ad</strong></span> 
     </span>
     <span class='ocr_line' id='line_1_27' title="bbox 100 3047 1044 3129; baseline 0.001 -21"><span class='ocrx_word' id='word_1_172' title='bbox 100 3047 346 3129; x_wconf 87' lang='lat' dir='ltr'><strong>praedioandum</strong></span> <span class='ocrx_word' id='word_1_173' title='bbox 370 3049 455 3109; x_wconf 92' lang='lat' dir='ltr'><strong>omni</strong></span> <span class='ocrx_word' id='word_1_174' title='bbox 484 3055 650 3125; x_wconf 73' lang='lat' dir='ltr'><strong>ereatura,</strong></span> <span class='ocrx_word' id='word_1_175' title='bbox 680 3047 722 3108; x_wconf 88' lang='lat' dir='ltr'><strong>ad</strong></span> <span class='ocrx_word' id='word_1_176' title='bbox 750 3047 908 3109; x_wconf 83' lang='lat' dir='ltr'><strong>docendas</strong></span> <span class='ocrx_word' id='word_1_177' title='bbox 935 3066 1044 3109; x_wconf 90' lang='lat' dir='ltr'><strong>omnes</strong></span> 
     </span>
     <span class='ocr_line' id='line_1_28' title="bbox 99 3142 1044 3223; baseline 0.004 -21"><span class='ocrx_word' id='word_1_178' title='bbox 99 3144 218 3223; x_wconf 82' lang='lat' dir='ltr'><strong>gentes</strong></span> <span class='ocrx_word' id='word_1_179' title='bbox 233 3143 399 3222; x_wconf 86' lang='lat' dir='ltr'><strong>dirigatur,</strong></span> <span class='ocrx_word' id='word_1_180' title='bbox 416 3149 482 3205; x_wconf 90' lang='lat' dir='ltr'><strong>tum</strong></span> <span class='ocrx_word' id='word_1_181' title='bbox 499 3163 535 3204; x_wconf 90' lang='lat' dir='ltr'><strong>ex</strong></span> <span class='ocrx_word' id='word_1_182' title='bbox 551 3148 662 3222; x_wconf 88' lang='lat' dir='ltr'><strong>aperta</strong></span> <span class='ocrx_word' id='word_1_183' title='bbox 678 3142 821 3223; x_wconf 85' lang='lat' dir='ltr'><strong>ejusdem</strong></span> <span class='ocrx_word' id='word_1_184' title='bbox 839 3144 951 3206; x_wconf 83' lang='lat' dir='ltr'><strong>Christi</strong></span> <span class='ocrx_word' id='word_1_185' title='bbox 971 3163 1044 3222; x_wconf 90' lang='lat' dir='ltr'><strong>pro-</strong></span> 
     </span>
     <span class='ocr_line' id='line_1_29' title="bbox 99 3237 1041 3320; baseline 0.001 -22"><span class='ocrx_word' id='word_1_186' title='bbox 99 3237 228 3318; x_wconf 87' lang='lat' dir='ltr'><strong>phetia,</strong></span> <span class='ocrx_word' id='word_1_187' title='bbox 245 3256 342 3317; x_wconf 86' lang='lat' dir='ltr'><strong>quum</strong></span> <span class='ocrx_word' id='word_1_188' title='bbox 359 3239 464 3300; x_wconf 86' lang='lat' dir='ltr'><strong>aiebat</strong></span> <span class='ocrx_word' id='word_1_189' title='bbox 481 3259 487 3299; x_wconf 91' lang='lat'>:</span> <span class='ocrx_word' id='word_1_190' title='bbox 509 3247 536 3299; x_wconf 83' lang='lat' dir='ltr'><strong>et</strong></span> <span class='ocrx_word' id='word_1_191' title='bbox 555 3237 766 3320; x_wconf 65' lang='lat' dir='ltr'><strong>praedicabitur</strong></span> <span class='ocrx_word' id='word_1_192' title='bbox 784 3238 836 3300; x_wconf 78' lang='lat' dir='ltr'><strong>hoo</strong></span> <span class='ocrx_word' id='word_1_193' title='bbox 849 3240 1041 3319; x_wconf 71' lang='lat' dir='ltr'><strong>evanpelium,</strong></span> 
     </span>
     <span class='ocr_line' id='line_1_30' title="bbox 98 3335 1044 3415; baseline 0 -19"><span class='ocrx_word' id='word_1_194' title='bbox 98 3340 169 3398; x_wconf 89' lang='lat' dir='ltr'><strong>ete.</strong></span> <span class='ocrx_word' id='word_1_195' title='bbox 187 3336 359 3414; x_wconf 85' lang='lat' dir='ltr'><strong>Propterea</strong></span> <span class='ocrx_word' id='word_1_196' title='bbox 375 3337 447 3396; x_wconf 89' lang='lat' dir='ltr'><strong>huie</strong></span> <span class='ocrx_word' id='word_1_197' title='bbox 462 3335 654 3415; x_wconf 83' lang='lat' dir='ltr'><strong>magisterio,</strong></span> <span class='ocrx_word' id='word_1_198' title='bbox 670 3339 822 3414; x_wconf 89' lang='lat' dir='ltr'><strong>tauquam</strong></span> <span class='ocrx_word' id='word_1_199' title='bbox 840 3337 944 3397; x_wconf 89' lang='lat' dir='ltr'><strong>medio</strong></span> <span class='ocrx_word' id='word_1_200' title='bbox 960 3337 1044 3397; x_wconf 92' lang='lat' dir='ltr'><strong>ordi-</strong></span> 
     </span>
     <span class='ocr_line' id='line_1_31' title="bbox 100 3431 1041 3512; baseline 0.001 -22"><span class='ocrx_word' id='word_1_201' title='bbox 100 3431 198 3491; x_wconf 84' lang='lat' dir='ltr'><strong>nario</strong></span> <span class='ocrx_word' id='word_1_202' title='bbox 220 3449 239 3491; x_wconf 87' lang='lat' dir='ltr'><strong>a</strong></span> <span class='ocrx_word' id='word_1_203' title='bbox 259 3432 393 3493; x_wconf 89' lang='lat' dir='ltr'><strong>Domino</strong></span> <span class='ocrx_word' id='word_1_204' title='bbox 416 3433 526 3508; x_wconf 84' lang='lat' dir='ltr'><strong>eleeto,</strong></span> <span class='ocrx_word' id='word_1_205' title='bbox 548 3432 589 3492; x_wconf 85' lang='lat' dir='ltr'><strong>ad</strong></span> <span class='ocrx_word' id='word_1_206' title='bbox 609 3432 774 3494; x_wconf 81' lang='lat' dir='ltr'><strong>veritatem</strong></span> <span class='ocrx_word' id='word_1_207' title='bbox 790 3433 1041 3512; x_wconf 85' lang='lat' dir='ltr'><strong>propagandam,</strong></span> 
     </span>
     <span class='ocr_line' id='line_1_32' title="bbox 99 3521 1042 3609; baseline -0.005 -21"><span class='ocrx_word' id='word_1_208' title='bbox 99 3524 324 3590; x_wconf 87' lang='lat' dir='ltr'><strong>infaillibilitas</strong></span> <span class='ocrx_word' id='word_1_209' title='bbox 339 3528 481 3590; x_wconf 86' lang='lat' dir='ltr'><strong>eooessit.</strong></span> <span class='ocrx_word' id='word_1_210' title='bbox 498 3528 543 3589; x_wconf 81' lang='lat' dir='ltr'><strong>Et</strong></span> <span class='ocrx_word' id='word_1_211' title='bbox 556 3521 616 3589; x_wconf 81' lang='lat' dir='ltr'><strong>ecce</strong></span> <span class='ocrx_word' id='word_1_212' title='bbox 628 3546 680 3609; x_wconf 75' lang='lat' dir='ltr'><strong>epo</strong></span> <span class='ocrx_word' id='word_1_213' title='bbox 694 3527 838 3588; x_wconf 77' lang='lat' dir='ltr'><strong>vobiscum</strong></span> <span class='ocrx_word' id='word_1_214' title='bbox 856 3525 1042 3604; x_wconf 76' lang='lat' dir='ltr'><strong>(docentibus)</strong></span> 
     </span>
    </p>
   </div>
   <div class='ocr_carea' id='block_1_11' title="bbox 0 0 1227 4125">
    <p class='ocr_par' dir='ltr' id='par_1_11' title="bbox 0 0 1227 4125">
     <span class='ocr_line' id='line_1_33' title="bbox 0 0 1227 4125; baseline 0 0"><span class='ocrx_word' id='word_1_215' title='bbox 0 0 1227 4125; x_wconf 95' lang='lat' dir='ltr'><strong> </strong></span> 
     </span>
    </p>
   </div>
  </div>
 </body>
</html>
