2442 4125
335 396 373 441 ns
394 396 521 444 omnem
541 397 625 444 sums
646 398 802 447 ennomus.
992 388 1032 451 39

368 656 377 673 ⁸
466 593 499 639 11.
512 593 662 651 Desnbjsoto.

132 729 175 792 V.
199 726 337 799 Quilibet
355 726 532 807 baptizatus
553 745 616 791 non
636 730 851 809 oonflnmntus,
873 735 910 793 ut
930 732 1026 813 saitis,

86 826 140 884 ast
154 822 334 901 subjaotum
347 822 496 883 idoneum
510 824 683 902 nooipiandi
695 825 978 887 oontlsmationem.
989 828 1029 891 ut

87 920 224 1000 quidam
245 919 331 996 olim,
356 938 417 999 quo
437 924 580 999 tompore
600 920 776 1001 baptismus
794 922 1025 1004 conferebatur,

87 1015 207 1077 eodem
232 1015 451 1077 oonlsrohatur
473 1016 685 1094 confirmatio,
710 1017 777 1081 sisa
799 1017 939 1098 parvulis
960 1018 1027 1081 sivo

87 1114 219 1177 adultis.
236 1115 316 1175 Hnio
330 1115 525 1177 simultanaae
540 1116 591 1176 vel
604 1115 717 1177 molius
729 1115 914 1178 suooassivoe
933 1104 1026 1180 oolla·

84 1209 167 1274 tioni
197 1210 394 1271 oooasionem
420 1210 584 1291 prabebat
611 1216 702 1273 vetus
727 1212 909 1291 disciplina,
934 1212 1026 1295 juxta

86 1322 189 1387 quam
211 1304 293 1366 siout
313 1305 520 1385 confirmatio,
545 1306 590 1370 ita
612 1307 787 1387 baptismus
809 1307 842 1368 in
865 1308 1024 1373 ordinario

84 1399 312 1480 episcoporum
345 1401 516 1465 ministerio
553 1406 632 1465 erat.
670 1404 760 1475 Quod
794 1403 822 1465 si
854 1405 1023 1467 nsoessitas

84 1494 1023 1580 quemquambaptiznripostnlnret,abssntospisoopo,lsuio

83 1590 285 1651 confirmatio
299 1590 331 1651 in
346 1590 432 1652 aliud
446 1594 570 1671 tempus
585 1591 800 1657 differebatur.

124 1689 169 1749 At
182 1686 329 1750 institutis
343 1688 512 1769 parochiis,
528 1692 698 1770 postquam
708 1704 825 1749 munus
837 1685 1021 1769 baptizandi

84 1782 189 1845 evasit
201 1783 365 1863 proprium
378 1784 600 1863 parochorum,
621 1785 675 1865 qni
696 1788 930 1849 sacramentum
947 1802 1021 1848 oon·

81 1879 272 1941 firmationis
293 1884 454 1961 nequeunt
476 1880 708 1960 administrans,
733 1881 896 1961 utriusqus
918 1880 1021 1944 admi·

83 1974 229 2037 nistratio
251 1975 398 2039 distinata
418 1980 475 2061 est.
498 1978 639 2039 Anoassit
659 1982 691 2040 at
710 1977 773 2039 ulis
791 1978 884 2039 ratio.
906 1977 1019 2041 Primis

83 2072 234 2134 Eoolosiae
248 2073 370 2134 saeoulis
383 2073 655 2155 frequentissimus
669 2073 921 2152 esatbaptismus
930 2073 1018 2136 adul·

83 2173 202 2247 torum,
217 2169 319 2232 rarior
332 2189 513 2251 puerorum.
534 2175 576 2235 At
596 2171 736 2234 Enolasia
756 2170 899 2246 fundata,
923 2169 1017 2235 nodis

84 2268 132 2329 ost
145 2265 322 2328 ordinarius
331 2272 364 2330 et
373 2267 643 2350 frequentissimus
652 2268 828 2349 baptismus
836 2267 1014 2348 infantium,

83 2358 349 2423 extraordinanius
364 2361 553 2426 adultorum.
570 2364 586 2425 J
590 2380 719 2425 amsaro
733 2363 760 2424 si
778 2361 947 2426 nooassitas
964 2381 1017 2426 ss·

81 2455 155 2516 lutis
178 2455 349 2533 postulavit
370 2462 405 2521 ut
427 2459 586 2541 baptisma
605 2456 777 2525 infantibus
800 2461 1012 2539 conferretur,

82 2549 142 2610 hoo
156 2566 221 2610 non
236 2553 416 2629 postulabat
429 2555 676 2618 confirmationis
690 2554 903 2631 collationem
916 2573 1015 2635 quum

83 2645 166 2706 enim
193 2644 254 2707 hoo
281 2655 514 2713 sacramentum
541 2651 739 2730 potissimum
765 2650 946 2713 conferatur
972 2650 1014 2712 nd

83 2745 287 2821 augmentum
309 2746 419 2824 gnatia
440 2748 675 2827 sanctificantis,
698 2753 731 2811 et
749 2749 790 2810 ad
810 2745 1024 2811 tsibuondum'

79 2837 129 2920 jus
144 2839 185 2899 ad
200 2857 238 2899 ea
251 2842 360 2920 gratias
382 2845 498 2906 auxilia
518 2863 588 2926 qnae
608 2846 787 2910 necessaria
807 2843 939 2906 suntad
959 2860 1012 2904 su·

82 2935 239 2997 beundnm
251 2957 392 3019 pugnam
407 2959 463 3020 pro
478 2945 540 3006 lldo
555 2944 737 3017 christiana,
752 2959 811 3003 nso
829 2939 888 3001 sub
907 2940 1010 3020 primo

82 3037 1008 3120 respectueratinfantibusneoessanumnoeaeramentum,

82 3146 138 3192 nas
150 3129 209 3191 sub
223 3136 372 3199 seeundo.

119 3229 233 3291 Contra
255 3249 331 3295 vero
350 3233 466 3296 decora
483 3237 673 3299 sacramenti
695 3236 924 3301 administratio
946 3237 1009 3300 oxi·

80 3325 171 3406 gebat
185 3317 221 3388 ut
241 3327 281 3388 ad
299 3330 377 3392 illud
395 3335 519 3414 tempus
541 3335 729 3414 diffamatur,
753 3353 815 3417 quo
836 3335 927 3417 puori
945 3336 1008 3398 ins·

80 3421 238 3486 lmotionis
266 3442 397 3506 capaces
421 3449 490 3492 assa
514 3436 662 3511 possent,
687 3437 719 3495 et
742 3432 839 3494 divini
861 3433 1008 3495 bonalloii

80 3519 210 3598 pretium
228 3539 286 3601 pro
307 3525 426 3590 meritis
447 3529 614 3593 admone.
640 3532 729 3594 Unda
746 3531 840 3591 firma
858 3533 1006 3592 manante

80 3617 171 3680 notari
185 3618 350 3700 disciplina
371 3642 429 3705 pro
452 3625 577 3705 adultis,
601 3627 707 3709 quoad
726 3628 861 3689 infantes
881 3623 1005 3702 rosula·
