2442 4125
298 284 337 329 nn
357 282 486 331 omnem
505 281 589 329 rums
610 282 767 331 canomcr.
958 273 996 333 ffl

75 430 137 491 vult
149 430 182 491 ut
195 428 277 491 hunc
291 428 375 492 dicat
388 428 519 507 petenti,
534 427 619 489 unde
633 428 700 507 ipse
714 445 783 490 rem
800 434 997 511 compertam

74 526 183 589 habeat
194 530 309 607 praeter
323 526 584 587 sacramentalem
598 525 840 605 confessionem,
857 534 889 589 et
905 533 997 608 putat

74 622 150 683 hunc
164 640 269 683 casum
284 620 420 683 difficilis
430 620 699 701 executionis.)·-
711 624 743 683 2⁰
757 620 806 684 Ob
820 622 996 700 periculum

73 717 287 794 irreverentiae‚
316 716 462 795 infirmis,
488 717 616 799 quando
638 717 721 779 adsit
744 718 919 797 pericnlum
939 738 997 783 ro-

74 818 175 893 mitus3
196 818 435 899 energumenis·
448 816 507 879 nisi
521 816 669 879 sacerdos
689 818 765 897 ipsis
785 818 826 879 ab
847 819 995 900 episcopo

73 915 249 993 praepositus
268 914 303 976 id
322 917 390 977 tuto
410 913 645 993 prudenterque
667 914 738 975 fleri
760 932 853 993 posse
873 913 996 994 judica·

73 1012 155 1073 verit.
177 1014 315 1075 -Tota
338 1010 406 1075 haec
429 1011 594 1091 disciplina
616 1010 767 1075 fundatur
785 1012 817 1072 in
841 1010 994 1092 dignitato

74 1110 257 1172 sacramenti.

307 1260 354 1307 111.
365 1262 477 1316 Quomodo
488 1268 509 1306 οι
520 1260 607 1318 nando
618 1262 756 1318 uscipiatur.

109 1385 181 1448 xlv.
198 1384 279 1447 Olim
293 1384 402 1445 fideles
417 1382 470 1465 qui
480 1382 633 1447 sacrificio
642 1384 827 1463 intererant,
839 1386 991 1468 quotidie,

73 1481 167 1559 atque,
184 1484 217 1542 ut
230 1479 414 1559 plurimum‚'
429 1481 488 1541 suh
501 1486 634 1562 utraque
648 1482 753 1559 specie
767 1483 859 1560 panis
873 1482 990 1559 etvini,

72 1571 290 1637 llncharistiam
304 1574 510 1652 accipiebant.
528 1567 569 1637 'At
585 1592 662 1637 vero
681 1575 866 1655 quotidiana
882 1576 992 1639 isthaec

74 1668 225 1733 assiduitas
248 1670 432 1747 sacrificiis,
460 1671 644 1751 quotidiana
666 1671 776 1734 isthac
798 1674 990 1751 communio,

72 1761 282 1843 languescente
310 1766 418 1845 populi
444 1765 606 1827 christiani
632 1766 797 1844 charitate,
826 1767 989 1829 obsolevit.

72 1859 148 1921 l'unc
165 1862 306 1923 Ecclesia
325 1860 405 1922 vidit
425 1865 636 1941 opportunum
653 1866 849 1941 pracceptum
867 1867 903 1926 ut
922 1865 993 1944 qui-

71 1952 192 2017 busdam
204 1957 374 2036 praecipuis
389 1957 500 2019 diebus
514 1957 718 2035 reciperetur.
735 1958 876 2019 Primum
898 1966 941 2019 {er
961 1958 993 2018 in

71 2069 147 2130 cano,
163 2055 220 2117 hoo
234 2054 330 2117 estin
344 2054 445 2116 Natali
460 2052 596 2129 Domini,
612 2052 645 2113 in
659 2052 811 2114 Paschate
825 2056 858 2115 et
872 2053 904 2114 in
914 2056 992 2115 Pen-

70 2149 187 2224 teooste,
194 2153 289 2228 prout
299 2149 452 2210 habemus
458 2147 526 2228 jam
536 2151 603 2210 tum
614 2165 650 2207 ex
662 2147 873 2209 monumentis
883 2148 924 2211 Vl
934 2165 991 2210 aar·

71 2241 133 2302 ouli.
150 2245 281 2306 Domum
296 2245 329 2305 in
344 2245 439 2307 Gonc.
456 2247 559 2306 Later.
577 2247 609 2306 et
622 2243 708 2306 Trid.
725 2246 878 2306 statutum
891 2250 940 2306 est
957 2248 992 2307 ut

70 2339 170 2400 sallem
184 2342 213 2401 io
232 2339 380 2402 Posctote
401 2340 567 2402 Christiani
588 2357 697 2401 omnes
717 2338 923 2402 Eucharistiae
943 2358 991 2401 so·

71 2438 253 2496 crementum
282 2435 495 2512 susciperent,
525 2433 578 2512 qui
606 2433 649 2494 od
670 2451 770 2494 annos
795 2432 991 2496 discretionis

69 2529 285 2600 pervenissent.
302 2531 438 2606 Tempus
452 2527 599 2605 paschale
609 2545 630 2587 a
639 2526 798 2588 dominica
810 2527 991 2588 Palmarum

69 2637 158 2702 usque
172 2626 211 2684 ad
226 2624 423 2686 Dominicam
436 2623 468 2683 in
482 2622 570 2684 Albis
584 2625 794 2702 protrahitor;
816 2625 933 2704 quique
952 2622 990 2684 iis

68 2717 238 2794 quindecim
252 2720 365 2782 diebus
378 2724 536 2799 precepto
556 2737 620 2780 non
638 2719 799 2797 satisfacit,
820 2722 923 2802 poenis
940 2738 992 2781 ec-

68 2811 237 2878 clesiasticis
262 2817 434 2877 coercetur.
457 2815 614 2876 Gaeterum
634 2813 774 2875 Ecclesia
794 2814 880 2890 cupit
899 2817 935 2872 ut
952 2811 991 2874 fi,-

67 2905 145 2969 deles
162 2913 345 2992 frequenter
368 2910 410 2971 ad
433 2910 493 2971 hoc
516 2912 749 2970 sacramentum
771 2907 935 2981 accedant,
959 2912 992 2970 et

67 3001 201 3082 religiose
217 3007 364 3068 observat
377 3011 413 3069 ut
426 3005 504 3066 illud
518 3004 678 3066 morituris
691 3001 889 3081 potissimum
903 3003 991 3066 defe-

66 3103 155 3178 ratur,
171 3105 273 3166 utillo
288 3104 402 3166 viatico
417 3103 457 3164 ad
471 3103 568 3164 aliam
581 3103 681 3164 vitam
694 3102 886 3164 muniantur.
908 3103 986 3180 lmo,

67 3209 98 3253 co
122 3198 153 3258 in
180 3217 258 3260 casu
284 3199 429 3281 indulget
456 3202 490 3260 ut
513 3199 750 3260 administretur
773 3198 869 3261 otiam
890 3209 987 3277 amco,

67 3291 152 3352 etiam
159 3294 239 3373 ferio
253 3294 295 3355 VI
300 3313 466 3375 parasceve,
480 3295 574 3356 etiam
583 3294 781 3375 nonJ‘ejuoiis,
798 3296 893 3357 etiam
902 3303 989 3355 cotra

67 3389 213 3454 ecclesiam.

101 3486 282 3552 Admodum
305 3490 391 3571 quod
414 3490 535 3567 attinet,
562 3489 671 3568 primis
693 3489 841 3552 Ecclesiae
865 3488 988 3550 soeoulis
