2442 4125
200 306 259 366 326
408 317 638 364 rssrrrnrronns
658 318 741 364 roms
763 317 919 364 ossonrcr.

367 465 379 512 fi
394 461 471 505 Il.n1
486 471 647 506 onnrenronus
662 471 828 506 ennarronrnus
843 473 961 506 rmntios.

239 571 290 632 lV.
317 570 485 648 Quousque
507 569 655 629 llcclesiae
681 569 755 630 satis
779 571 939 647 provisum
969 573 1019 632 est
1041 589 1135 650 spon·

196 663 298 724 taneis
312 662 452 722 fidelium
465 662 686 738 oblationibus,
703 662 744 722 ab
759 662 953 742 obligatoriis
968 666 1136 726 contribu-

198 759 335 820 tionibus
352 757 550 836 imponendis
570 757 717 818 fidelibus
736 747 896 819 abstinuit.
920 759 984 820 Sed
1004 761 1133 839 quando

198 855 380 936 hujusmodi
401 855 586 929 oblationes,
602 853 789 933 frigescente
805 853 946 913 fidelium
960 853 1131 930 charitate,

197 951 341 1012 imminui
354 956 519 1030 coeperunt
532 969 590 1011 nec
603 951 673 1012 aliis
694 950 806 1010 mediis
825 951 902 1012 satis
921 954 1006 1012 esset
1028 952 1136 1030 provi-

198 1065 269 1107 sum
290 1047 467 1109 necessitati
481 1045 640 1123 Ecclesiae,
657 1046 767 1106 debuit
775 1045 848 1126 jure
862 1063 920 1107 suo
934 1047 991 1122 uti,
1005 1064 1063 1107 seu
1078 1046 1136 1106 im·

197 1159 316 1221 ponere
329 1143 476 1203 fidelibus
491 1142 692 1222 obligatorias
716 1142 976 1218 contributiones,
995 1145 1034 1203 ut
1055 1143 1135 1222 legis

196 1237 328 1313 imperio
343 1236 375 1295 id
390 1239 577 1313 praestarent
591 1235 676 1315 quod
701 1237 853 1298 obesitate
876 1236 1045 1313 suadente,
1073 1255 1135 1299 non

197 1330 331 1409 amplius
344 1331 548 1409 praestabant.
609 1351 614 1366 ·

237 1428 304 1486 Non
319 1424 410 1486 aliter
429 1423 557 1503 politica
579 1424 761 1502 respublica
780 1425 914 1502 imponit
934 1425 1062 1487 civibus
1083 1427 1135 1488 tri·

196 1525 285 1600 buta,
301 1529 337 1584 nt
350 1523 405 1602 qui
417 1519 574 1582 societatis
583 1521 724 1581 sentiunt
733 1521 945 1598 commodum,
959 1522 1068 1583 eidem
1078 1541 1134 1602 pro

197 1621 354 1681 societatis
368 1617 606 1679 conservatione
622 1617 812 1694 conspirent.

237 1709 424 1792 Hujusmodi
447 1707 642 1789 obligatoriae
666 1707 882 1786 praestationes
904 1707 1090 1770 nfidelibus
1103 1711 1133 1770 iu

97 1812 101 1818 ’
196 1806 369 1886 Ecclesiam
384 1803 552 1884 erogandae
567 1802 694 1863 fuerunt
711 1823 717 1862 :
736 1801 932 1880 l⁰primitiae,
944 1803 1131 1864 bdecimae.

237 1904 274 1964 V.
290 1935 331 1947 -
346 1904 377 1961 l⁰
391 1888 434 1960 lie
448 1898 582 1962 Decimio.
599 1931 639 1942 -
652 1899 761 1977 ltaque
777 1898 835 1958 sub
857 1898 952 1957 finem
970 1899 1059 1959 tertii
1077 1916 1133 1960 sae·

196 1993 269 2072 culi,
287 1994 337 2055 vel
352 1995 464 2073 quarto
478 1991 593 2053 saeculo
613 1991 754 2069 ineunte,
775 2008 847 2051 cum
868 1991 985 2052 sensim
1003 1992 1132 2052 refrixe-

196 2092 237 2153 rit
243 2091 381 2152 charitas
394 2089 535 2150 fidelium
549 2092 580 2149 et
593 2086 765 2148 admodum
779 2104 882 2166 pauca
895 2090 928 2149 et
938 2104 1029 2167 aegra
1042 2090 1130 2150 offer

197 2190 307 2247 rentur
321 2205 391 2265 quse
411 2184 510 2246 cultui
531 2184 730 2263 peragendo,
756 2183 905 2244 ministris
929 2183 1068 2259 alendis,
1094 2202 1131 2244 ac

196 2279 390 2359 pauperibus
404 2280 456 2340 vix
470 2278 661 2356 sufficerent,
673 2296 850 2358 proponere
865 2278 1011 2339 fidelibus
1026 2296 1130 2357 coepe·

196 2377 270 2433 runt
283 2377 399 2450 patres,
416 2374 601 2435 Judaeorum
616 2374 804 2454 exemplum,
821 2375 875 2453 qui
893 2392 932 2433 ex
946 2373 1055 2435 divina
1067 2373 1129 2433 ins·

195 2468 341 2531 titutione
357 2468 510 2548 (hesitio,
527 2474 577 2545 26,
594 2470 646 2549 30)
664 2471 806 2531 Decimae
820 2468 923 2531 levitis
938 2475 970 2530 et
983 2468 1127 2531 sacerdo·

195 2566 280 2628 tibus
294 2564 478 2627 fundebant.
494 2568 542 2627 lta
560 2566 747 2645 Cyprianus,
767 2565 988 2643 Hyeronimns,
1004 2566 1126 2641 Augus·

196 2663 291 2724 tinus.

236 2760 284 2818 Ex
302 2756 421 2818 crebris
434 2762 560 2835 patrum
575 2754 847 2817 adhortationibus
868 2754 1000 2833 contigit
1014 2758 1048 2812 ut
1060 2752 1128 2829 plu-

195 2850 282 2911 ribus
301 2848 335 2909 in
354 2848 432 2909 locis
454 2849 676 2911 solvendarum
707 2847 901 2908 decimarum
929 2846 1126 2908 consuetudo

193 2946 381 3006 inolesceret
394 2944 494 3005 donec
507 2944 572 3005 vim
589 2943 669 3023 legis
693 2944 873 3019 obtinuerit,
894 2944 1074 3022 praescrtim
1095 2943 1127 3002 in

194 3041 364 3103 Occidente
390 3041 483 3101 :non
509 3039 583 3099 inde
610 3044 717 3099 tamen
745 3039 850 3101 statim
873 3038 981 3117 aliqua
1004 3040 1125 3099 coactio

194 3137 335 3199 adbibita
350 3138 397 3196 est
410 3136 460 3196 vel
474 3153 569 3213 poeua
581 3136 614 3195 in
632 3138 881 3213 transgressores
904 3134 1036 3195 indicta.
1060 3134 1126 3193 Pri·

193 3246 280 3288 mum
294 3231 534 3290 monumentum
548 3226 717 3288 sanctionis
731 3226 864 3306 poenalis
876 3244 938 3305 qua
952 3225 1077 3286 munita
1088 3226 1126 3287 sit

192 3321 304 3383 solutio
329 3323 539 3398 decimarum,
562 3324 654 3382 offert
675 3322 764 3382 nobis
786 3320 953 3382 concilium
977 3319 1125 3381 Matisco-

192 3431 288 3472 nense
302 3418 340 3489 ll,
357 3418 535 3487 saeculowvr.
566 3417 629 3479 Sed
656 3417 772 3479 saeoulo
799 3434 830 3478 1x
858 3421 889 3479 et
916 3416 1122 3496 sequentibus

191 3506 325 3579 saeculis,
334 3510 401 3566 tum
409 3513 636 3590 ecclesiasticis,
646 3518 715 3575 tum
722 3514 865 3575 civilibus
879 3512 1123 3575 coercitionibus
