2442 4125
180 320 239 379 342
388 328 616 377 ntsruorrosus
637 328 720 375 runis
743 326 898 375 eruemur.

219 484 253 541 2·
269 477 394 557 Tempus
406 492 469 555 quo
483 476 698 555 emphyteusis
713 481 761 537 est
774 474 937 552 durature,
965 477 1114 540 videlieet

180 576 221 638 ed
236 590 342 649 unam,
354 571 395 634 ad
409 572 499 646 dues,
512 571 553 633 ed
562 578 628 634 tres
636 571 687 634 vel
701 571 807 651 plures
815 573 1049 650 generationes,
1062 576 1114 635 vel

181 672 429 758 inperpetuum.
453 669 676 731 Generationes
696 671 802 731 autem
823 666 938 748 quibus
960 668 1115 746 perdurat

181 765 394 846 emphyteusis
417 764 672 827 definiunturad
695 769 818 843 tempus
843 763 1111 841 determinatum,

181 881 243 924 nou
263 865 368 923 autem
387 860 429 921 ad
448 860 672 924 determinatas
686 878 837 940 personas
851 878 921 940 quae
936 861 1110 939 gaudeant.

180 956 245 1017 Nisi
258 955 343 1015 euim
356 972 394 1015 ea
408 955 606 1034 providentie
619 955 670 1016 vel
684 957 776 1032 puoto
796 970 835 1013 ex
857 953 981 1031 legibus
1001 955 1113 1032 primae

179 1049 372 1113 investiturae
386 1056 570 1131 comparata
582 1050 622 1113 sit
636 1069 655 1111 a
668 1051 768 1129 primo
783 1050 965 1128 anquirente
980 1051 1114 1127 emphy-

180 1146 277 1206 teusis
296 1148 333 1206 ut
354 1162 394 1205 ea
406 1144 438 1204 in
458 1144 539 1205 filios
562 1147 594 1207 et
616 1143 841 1205 descendentes
861 1146 1004 1204 transeat
1027 1142 1115 1203 nullu

180 1236 289 1296 hahita
301 1237 423 1297 ratione
437 1237 641 1313 haereditetis,
658 1240 767 1315 etpost
777 1237 809 1295 in
819 1252 873 1297 eos
884 1236 1114 1299 descendentes

180 1330 234 1409 qui
247 1328 363 1391 fuerint
377 1330 529 1406 haeredes,
551 1330 765 1410 emphyteusis
784 1333 887 1407 potest
907 1348 976 1391 esse
995 1333 1114 1393 transi-

178 1425 260 1489 toria
280 1423 322 1485 od
344 1442 572 1505 quoscumque,
597 1428 694 1487 etiam
716 1432 891 1487 extraneos.
910 1426 974 1487 Sed
993 1428 1028 1486 iu
1054 1427 1114 1489 hae

180 1521 383 1587 transtatione
403 1520 573 1600 requiritur
594 1527 629 1581 ut
652 1521 798 1583 dominus
816 1520 953 1583 direetus
976 1525 1114 1585 transla-

180 1618 298 1680 tionem
311 1618 466 1697 approbet
483 1619 515 1679 at
537 1617 655 1695 laudet,
681 1623 712 1680 et
733 1618 772 1678 de
793 1635 875 1679 novo
897 1619 1113 1697 emphyteutae

179 1714 397 1777 investituram
409 1714 506 1775 veluti
519 1714 649 1791 tribuat,
666 1731 722 1793 pro
742 1729 804 1793 quo
819 1716 890 1775 aeto
905 1714 1114 1793 emphyteuta

180 1810 300 1871 solvere
315 1810 410 1871 dehet
422 1809 626 1885 laudemium,
644 1808 727 1888 quod
742 1812 789 1871 est
806 1810 858 1870 50¹
876 1826 950 1887 pers
974 1810 1114 1870 aestima-

180 1905 273 1968 tionis
286 1905 333 1965 rei
346 1903 422 1965 dum
436 1904 469 1964 iu
482 1904 579 1977 ulium
592 1903 790 1978 transfertur,
806 1903 866 1963 nisi
884 1903 974 1965 aliter
993 1906 1112 1967 statuto

180 2001 272 2080 paeto
286 2001 341 2062 aut
354 1998 580 2062 consuetudine
594 2001 722 2062 eentum
737 1998 786 2062 sit.
803 1999 892 2071 Quod
903 2000 931 2061 si
945 2017 1020 2062 vero
1037 2019 1113 2063 easu

180 2096 318 2176 quodum
332 2095 480 2159 obveniet
494 2099 528 2158 ut
542 2097 756 2174 emphyteusis
770 2096 812 2158 ed
833 2113 946 2158 manus
968 2102 1112 2160 mortuas

179 2189 343 2269 perveniat
355 2207 411 2250 seu
425 2190 466 2250 ad
480 2189 722 2252 communitates
736 2207 806 2269 quae
829 2207 891 2252 non
912 2191 1014 2252 solent
1035 2192 1112 2253 olie-

180 2303 267 2361 nare,
292 2302 351 2345 nee
373 2302 511 2364 unquam
533 2285 724 2362 moriuntur,
750 2303 789 2345 ne
814 2285 951 2347 deterior
971 2286 1110 2350 eonditio

178 2381 297 2442 domiui
310 2379 421 2441 direeti
433 2382 668 2455 flat-stututum
683 2385 730 2444 est
748 2387 783 2442 ut
803 2380 949 2442 domiuus
970 2383 1110 2445 directus

178 2491 237 2553 pro
257 2471 414 2533 laudemio
434 2473 552 2533 hahent
572 2474 811 2553 quindennium,
837 2493 893 2535 seu
915 2474 1109 2537 laudemium

178 2571 282 2650 ipsum
309 2567 489 2647 quindecim
514 2568 548 2629 iu
573 2568 755 2649 quindeeim
781 2587 900 2646 annos,
926 2571 1010 2650 quod
1039 2571 1109 2630 dari

95 2653 98 2659 ⁵
179 2667 347 2729 debuisset.

218 2766 250 2823 3⁰
264 2761 484 2822 Melioramento
509 2778 580 2841 quae
600 2760 670 2822 fieri
690 2762 830 2825 dehent:
851 2780 892 2824 en
910 2762 1059 2825 videlieet
1072 2781 1111 2824 aa

178 2875 249 2938 quae
277 2857 317 2917 ad
338 2856 576 2934 emphyteutam
598 2857 788 2934 pertineant,
816 2859 848 2919 io
873 2876 947 2919 essu
972 2875 1110 2937 queres

178 2952 413 3033 emphyteutioe
436 2952 564 3014 domino
586 2952 704 3014 direeto
727 2954 887 3032 reddatur,
912 2955 1045 3016 meliora
1064 2973 1110 3015 es-

178 3055 257 3114 seut.
274 3050 369 3126 Utilie
389 3050 626 3113 melioramento
640 3050 679 3111 da
689 3051 761 3132 jure
777 3039 934 3115 oommuui
950 3053 1110 3133 pertinent

177 3149 218 3210 ad
246 3148 500 3226 emphyteutam,
531 3165 571 3207 ne
605 3147 686 3209 alter
722 3165 794 3208 oum
830 3149 957 3211 atterius
982 3149 1108 3229 jaetura

176 3245 266 3305 tieret
279 3241 480 3320 locupletium
496 3241 553 3302 sed
567 3243 752 3322 plerumque
764 3243 835 3323 jure
851 3244 1062 3319 eeclesiastico
1075 3246 1108 3304 in

176 3338 391 3416 emphyteusis
418 3337 638 3399 eeclesiastiois
667 3341 793 3400 eentum
821 3343 868 3400 est
902 3342 936 3400 ut
962 3339 1109 3400 meliora-

176 3437 282 3494 meuta
295 3434 445 3510 quaelibet
458 3433 572 3496 cedant
586 3434 665 3507 solo,
681 3440 713 3496 et
730 3436 775 3497 ita
792 3435 837 3496 nil
859 3434 957 3514 possit
980 3434 1105 3514 exigere

176 3529 382 3606 emphyteuta
395 3527 435 3588 eh
450 3546 520 3588 eam
535 3547 674 3592 oausam.
804 3543 806 3547 ’
