2442 4125
173 258 214 317 50
383 262 610 311 rrsrrrurrorns
631 264 713 311 runrs
736 264 892 309 csnourcr.

113 395 117 403 ⁴
173 412 310 495 gesimo,
341 411 456 489 praeter
487 408 671 484 sabbatum,
697 408 906 485 dominicam,
932 413 965 471 et
986 409 1118 471 festum

175 504 447 572 Annuntiationis:
464 504 519 566 llis
540 504 653 566 diebus
674 509 807 568 utuntur
822 506 1120 586 pracanetificatis.

215 606 370 666 Caeterum
393 601 461 662 aliis
486 601 597 663 diebus
621 602 766 663 omnibus
790 602 988 665 celebratur:
1007 604 1122 665 solum

175 700 260 779 apud
280 698 393 760 latinos
413 696 619 776 prohibentur
640 699 822 759 sacerdotes
845 699 1008 760 celebrare
1033 700 1122 761 feria

175 796 284 878 quinta
298 797 330 856 et
343 793 473 854 sabbato
489 792 616 872 majoris
635 793 855 871 hebdomada,
873 796 933 856 nisi
953 796 1122 858 solemnia
1207 791 1208 820 ¹

175 908 266 952 sacra
288 906 325 949 eo
350 887 400 948 dic
423 889 590 965 peragant3
617 891 650 948 ct
671 887 755 966 apud
779 908 900 969 graeccs
928 890 1120 969 presbyteri

175 986 341 1049 saeculares
356 983 482 1063 quando
497 982 544 1043 rei
559 983 677 1045 uxoria
693 984 769 1046 dant
782 1003 924 1063 operam.

217 1080 249 1143 Si
260 1078 337 1139 feria
347 1072 456 1157 quinta
470 1076 598 1158 majoris
609 1078 818 1140 hebdomada
833 1083 980 1141 occurrat
992 1080 1120 1142 festum

176 1173 430 1239 Annuntiationis
452 1174 502 1235 vel
527 1175 560 1235 S.
586 1174 732 1253 Josephi,
757 1174 798 1235 de
820 1175 961 1255 episcopi
982 1175 1120 1240 licentia

176 1272 281 1352 plures
305 1270 405 1331 Missa
430 1269 583 1330 celebrari
614 1257 736 1349 queunt
757 1273 830 1331 ante
858 1271 1051 1349 solemnem,
1082 1277 1119 1335 ut

176 1364 310 1447 populus
331 1367 488 1441 praecepto
510 1362 658 1423 audiendi
674 1381 799 1423 sacrum
813 1364 996 1426 satisfacere
1016 1370 1119 1445 queat

177 1455 383 1521 commodius.
398 1456 447 1516 lta
460 1455 578 1517 Bencd.
596 1458 677 1518 xlv.

217 1556 281 1615 Nec
302 1553 403 1615 solum
425 1551 609 1632 quotidiana
631 1552 714 1614 facts
733 1556 780 1613 est
799 1552 900 1614 Missa
924 1554 1114 1634 celebratio,

177 1647 233 1710 sed
253 1646 423 1726 aliquando
447 1645 535 1705 licuit
555 1645 771 1707 sacerdotibus
794 1646 900 1723 plures
917 1647 1040 1708 codem
1060 1648 1115 1711 dia

178 1742 337 1805 celebrare
352 1741 461 1803 Missas
474 1741 507 1801 in
522 1741 653 1802 diversis
668 1742 829 1804 altaribus.
846 1743 967 1804 Saeculo
989 1761 1022 1805 xr
1038 1745 1114 1808 hinc

72 1872 75 1879 ·
178 1837 307 1901 arbitrio
328 1837 441 1898 rirodus
462 1837 626 1915 impositus
640 1840 672 1898 et
686 1839 840 1899 coercitus
861 1843 909 1901 est
927 1840 967 1899 ad
984 1843 1113 1904 tertiam

177 1936 289 1998 vicem.
311 1936 443 1997 Demum
458 1952 496 1995 ne
510 1934 542 1994 id
558 1934 643 2013 quod
657 1935 689 1994 in
704 1935 823 1995 bonum
837 1935 963 2014 pietatis
977 1940 1112 2015 permis·

178 2050 248 2096 sum
263 2038 320 2111 est,
333 2033 362 2094 in
380 2030 553 2112 perniciem
568 2035 599 2091 et
613 2030 656 2091 ad
668 2029 810 2092 fomitem
823 2031 963 2094 avaritia
978 2034 1112 2096 inclina-

177 2133 236 2205 ret,
253 2129 468 2190 sacerdotibus
482 2128 615 2190 vetitum
630 2130 677 2188 est
691 2145 731 2186 ne
745 2127 863 2204 pluries
873 2129 905 2188 in
916 2128 967 2188 dio
983 2129 1110 2190 Missam

179 2225 385 2298 celebrarent,
398 2227 527 2300 excepto
542 2224 592 2282 die
608 2223 931 2304 Nativitatisllomini,
944 2224 1004 2285 nisi
1019 2243 1110 2287 secus

178 2317 348 2381 necessitas
369 2317 543 2395 postularit.
562 2321 692 2396 Capru
715 2319 1049 2392 Consarcinabant
1071 2322 1109 2383 de

179 2415 345 2479 Missurum
360 2413 507 2474 celebrat.
525 2414 582 2474 Hic
597 2433 687 2475 casus
704 2415 900 2478 necessitatis
914 2416 958 2476 ita
972 2417 1110 2479 intellec·

178 2517 230 2571 tus
245 2509 302 2583 est,
320 2509 354 2567 ut
368 2505 450 2566 adsit
464 2524 578 2586 urgens
593 2506 763 2568 necessitas
777 2514 813 2567 et‘
822 2508 862 2568 ab
878 2507 1026 2587 episcopo
1039 2527 1108 2587 pro

178 2606 263 2666 bata.
281 2606 367 2667 Unus
383 2620 420 2663 ex
435 2602 483 2663 his
498 2602 622 2664 casibus
637 2602 791 2663 admissus
805 2603 836 2662 in
849 2603 920 2683 jure
936 2604 1109 2666 certissime

179 2705 236 2778 est,
254 2701 293 2763 de
308 2700 445 2779 parocho
460 2699 513 2779 qui
529 2698 665 2759 duarum
682 2699 905 2777 parochiarum
919 2699 959 2759 ab
974 2699 1108 2760 invicem

179 2795 289 2877 procul
304 2793 487 2856 distantium
502 2809 610 2852 curam
625 2792 718 2872 gerit,
734 2810 793 2852 nec
808 2793 887 2854 alter
904 2794 1038 2871 reperiri
1053 2794 1107 2854 de·

177 2901 229 2958 tur
252 2893 399 2955 sacerdos
423 2891 475 2970 qui
499 2890 531 2949 in
556 2888 708 2950 alterutra
730 2889 883 2967 celebret,
904 2893 941 2951 ut
959 2889 1014 2951 dic
1031 2891 1108 2952 festo

178 2991 313 3070 populus
328 2990 486 3066 praeapte
502 2985 683 3046 satisfaciat.
701 2985 879 3064 Aliquando
893 3003 913 3046 a
926 2989 964 3055 R,
981 2987 1109 3048 Pontifi-

179 3087 267 3148 cibus
281 3083 424 3144 utilitatis
439 3099 535 3143 causa
549 3079 605 3142 sed
620 3080 778 3141 rarissimo
794 3081 864 3142 aliae
883 3081 1063 3160 hujusmodi
1078 3087 1109 3144 et

178 3178 353 3262 praesertim
367 3167 571 3238 missionariis
592 3176 808 3238 conceduntur
825 3177 1002 3254 facultates,
1018 3178 1109 3238 dum·

178 3279 273 3340 modo
290 3275 391 3338 omnis
405 3273 544 3336 avaritia
559 3273 694 3353 suspicio
709 3275 803 3354 louge
817 3275 868 3334 sit.
1207 3286 1208 3297 ¹

219 3377 270 3437 Vl.
283 3373 367 3434 Hora
382 3370 560 3432 celebrandi
572 3389 662 3432 sacra
675 3371 826 3448 mysteria
839 3370 948 3449 primis
963 3371 1109 3432 Ecclesia
1207 3412 1208 3431 i

181 3468 305 3531 saeculis
319 3461 377 3528 luit
392 3471 556 3526 nocturna.
568 3465 670 3544 Hujus
684 3463 855 3542 disciplina
865 3481 962 3526 causa
975 3464 1107 3543 duplex:
