2442 4125
293 363 331 406 nn
352 361 481 408 omem
501 363 583 408 sonis
605 364 761 412 sonorior.
934 355 993 416 235

36 505 189 585 conjuge
205 505 240 564 in
261 521 319 566 sua
339 503 539 578 infidelitate3
564 507 649 586 quod
669 507 765 569 bodie
786 510 882 572 etiam
901 511 935 572 in
956 531 994 576 eo

38 622 121 664 oasu
137 604 344 680 praeoeptum
359 605 417 677 est,
440 620 503 680 quo
520 602 657 664 infidelis
675 603 792 683 conjux
811 607 994 670 oobabitare

38 699 143 758 vellet
164 695 300 775 conjugi
321 696 418 772 fideli,
442 697 536 757 etiam
555 697 623 758 sine
642 697 758 778 injuria
772 701 939 777 creatoris,
963 707 996 765 et

40 795 112 854 sine
135 792 331 854 inductione
354 792 394 852 ad
419 797 584 870 peooatum
607 811 715 872 grove,
740 799 796 858 aut
819 796 995 874 perieulum

40 890 162 948 saltem
179 885 389 963 seductionis,
404 889 470 949 sive
486 887 598 948 deinde
614 888 675 950 boo
688 891 790 952 subsit
809 909 848 951 ex
865 893 994 971 propria

41 983 239 1064 fragilitate,
251 983 317 1044 sive
327 1001 365 1042 ex
375 983 494 1046 malitia
502 984 648 1061 infidelis,
660 985 853 1048 eoncedente
862 989 994 1050 Domino

43 1081 129 1141 bano
145 1079 346 1143 matrimonii
361 1079 599 1140 dissolutionem
613 1079 647 1139 in
661 1080 803 1142 favorem
816 1083 901 1145 fidei.
920 1085 994 1146 Pro·

42 1178 189 1239 habilius
215 1182 324 1239 tamen
346 1181 402 1253 est,
426 1177 511 1257 quod
533 1177 769 1238 matrimonium
788 1179 821 1240 in
841 1181 897 1243 tali
918 1199 992 1243 essu

44 1273 151 1334 fidelis
175 1273 288 1337 taliter
310 1273 453 1333 conversi
473 1289 545 1332 oum
571 1271 690 1332 infideli
715 1291 778 1334 nou
805 1274 994 1338 dissolvatur

46 1371 116 1448 ipso
128 1371 219 1451 jure,
236 1387 296 1449 per
310 1371 408 1430 solam
424 1369 681 1445 conversionem,
697 1371 753 1430 sed
767 1377 836 1433 tum
850 1373 990 1450 demum,

48 1467 181 1544 quaudo
197 1483 372 1528 conversus
387 1464 472 1525 aliud
492 1466 726 1527 matrimonium
747 1467 847 1545 inivit,
871 1471 992 1548 quiesi

49 1562 126 1624 velit
139 1563 257 1625 relicta
272 1562 304 1621 in
318 1581 376 1622 sua
389 1561 572 1623 infidelitate
587 1581 669 1624 uxor
680 1583 712 1624 v.
729 1583 761 1641 g.
770 1566 869 1643 'sequi
882 1569 994 1642 postea

51 1659 217 1735 maritum,
236 1658 323 1719 etad
337 1657 432 1718 iidem
446 1657 541 1719 etiam
562 1658 715 1733 converti,
737 1658 789 1718 vel
808 1658 922 1719 saltem
942 1677 994 1720 oo·

51 1752 198 1815 habitare
213 1753 262 1815 illi
276 1754 343 1814 sine
357 1753 472 1832 injuria
486 1754 655 1829 Crantoris,
675 1757 708 1815 et
725 1753 792 1814 sine
811 1753 993 1815 inductione

53 1846 92 1905 ad
106 1851 283 1924 peecatum
297 1847 440 1922 mortale,
455 1851 582 1909 tenetur
596 1863 667 1906 eam
681 1846 782 1906 fldelis
803 1848 946 1923 maritus,
966 1849 993 1908 si

54 1943 198 2003 nondum
213 1942 293 2004 alias
309 1943 433 2020 nuptias
448 1942 613 2017 contraxit,
629 1942 782 2019 recipere,
793 1943 826 2002 in
835 1942 993 2020 baptismo

57 2035 138 2097 enim
152 2056 219 2100 uon
236 2037 394 2117 eonjugia,
411 2036 467 2099 sed
481 2035 614 2096 erimina
627 2033 802 2096 solvuntur.

93 2135 140 2194 lix
154 2152 183 2196 e.
201 2134 379 2215 gaudemus
392 2136 422 2209 8,
440 2134 471 2193 b.
488 2136 512 2194 t.
530 2132 684 2192 habemus
698 2130 812 2208 primo,
829 2131 995 2210 quodinfi-

59 2224 141 2287 deles
154 2228 188 2287 in
208 2228 364 2309 gradibus
382 2245 402 2286 a
419 2226 491 2305 jure
513 2224 664 2286 canonico
685 2228 808 2286 tantum
829 2224 994 2304 prohibitis

58 2322 332 2385 matrimonialiter
345 2322 517 2403 conjuncti,
534 2337 596 2381 nou
612 2320 748 2382 debeant
768 2340 788 2383 a
805 2339 839 2382 so
857 2321 995 2384 invicem

61 2420 210 2496 separari,
230 2418 256 2479 si
270 2418 471 2498 postmodum
492 2416 533 2477 ad
551 2414 649 2477 fidem
666 2422 901 2495 convertantur,
922 2436 994 2479 oum

60 2507 101 2569 illi
114 2512 147 2572 in
162 2532 223 2576 sua
238 2513 422 2575 infidelitate
437 2511 595 2574 constituti
609 2512 749 2591 legitime
767 2516 992 2589 contraxerint,

64 2605 142 2669 nullo
156 2610 385 2690 impedimento
400 2626 478 2686 pure
494 2608 645 2669 eanonioo
665 2628 775 2671 eorum
794 2611 997 2671 matrimonia

65 2696 239 2781 dirimente,
253 2722 291 2765 eo
302 2704 387 2784 quod
398 2703 703 2765 lloolesianullamin
717 2697 790 2763 illos
803 2704 920 2763 babeat
929 2708 996 2763 tum

65 2794 210 2873 temporis
222 2799 485 2879 jurisdictionem,
502 2803 534 2860 et
548 2817 658 2859 eorum
672 2799 705 2858 in
724 2796 908 2858 infidelitate
923 2813 996 2856 oon·

65 2890 160 2954 treola
173 2896 387 2971 matrimonia,
403 2895 602 2956 verissimum
612 2894 668 2957 liat
681 2895 926 2966 sacramentum,
940 2908 997 2967 per

67 2978 254 3061 baptismum
273 2989 388 3065 abillis
404 2994 595 3067 susceptum,
614 2985 759 3065 quamvis
776 2983 880 3043 nullus
896 3000 997 3042 novus

69 3091 229 3155 expressus
243 3103 414 3146 consensus
429 3086 461 3145 in
473 3084 533 3143 hoo
542 3085 779 3142 sacramentum
793 3076 993 3139 interveniat.

107 3172 251 3239 Seoundo
266 3179 418 3239 habemus
434 3196 472 3237 ex
491 3178 542 3239 eit.
564 3194 591 3235 o.
615 3173 802 3254 gaudemus,
826 3171 911 3251 quod
930 3171 997 3232 infl-

71 3261 151 3329 deles
166 3274 207 3332 ad
221 3274 316 3335 fidem
331 3273 491 3347 conversi,
507 3272 533 3332 si
548 3272 654 3348 plures
668 3268 754 3347 prius
769 3267 801 3327 in
816 3285 874 3328 sua
888 3267 998 3328 infide-

73 3355 152 3423 litate
179 3368 347 3433 habuerint
369 3388 498 3444 uxores,
523 3369 635 3447 primm
658 3366 822 3426 adhaerere
846 3366 996 3438 debeant,

74 3452 202 3524 dimissis
217 3466 296 3543 aliie,
312 3466 388 3546 quia
407 3465 485 3525 nulli
506 3480 648 3544 unquam
668 3462 758 3525 liouit
778 3462 884 3540 plures
905 3460 999 3521 simul

77 3546 186 3654 hebere
207 3580 330 3640 uxores,
353 3561 422 3637 nisi,
447 3560 496 3621 oui
518 3560 625 3622 diviua
645 3558 838 3621 revelatione
860 3560 920 3619 hoo
941 3555 1000 3618 fuit
