2442 4125
183 333 223 391 56
392 332 619 385 rusrrrurrouns
640 330 722 377 suuis
744 327 898 375 canonici.

183 499 235 553 tur
256 509 294 551 ex
314 490 383 567 ipsa
402 480 577 547 differentia
594 477 805 555 liturgiarum,
822 477 898 538 dum
915 475 949 534 in
969 472 1007 534 iis
1029 472 1116 534 subs·

183 584 325 646 tantialia
346 578 549 642 concordant.
573 574 687 634 Mirum
710 573 818 631 autem
838 585 901 627 non
925 566 1072 628 videatur
1093 567 1116 629 si

185 682 332 764 quaedam
351 678 486 757 liturgiae
504 673 630 735 nomine
645 670 858 749 apostolorum
877 670 1113 745 nuncupentur;

183 780 330 843 videntur
350 775 435 837 enim
454 770 558 851 potius
579 785 618 827 ex
640 764 678 826 iis
699 781 770 843 quae
790 760 923 841 apostoli
944 758 1115 823 docuerant

184 878 387 949 concinnata,
405 886 500 951 quam
514 868 553 927 ab
568 865 644 944 ipsis
657 861 807 941 apostolis
821 859 1020 937 conscriptae.

223 974 290 1033 Hoc
303 983 418 1028 munus
432 960 646 1042 apostolorum
665 974 728 1017 non
746 957 814 1017 erat
832 952 1115 1013 extraordinarium

183 1063 386 1146 apostolatus
398 1057 453 1119 sed
464 1055 662 1134 episcopatus
677 1047 870 1111 ordinarium
885 1065 1013 1123 munus,
1027 1052 1115 1126 prout

183 1156 379 1225 conducebat
392 1154 432 1218 ad
446 1152 587 1232 regimen
603 1146 796 1209 ordinarium
817 1143 1040 1206 ecclesiasticae
1059 1145 1115 1205 dis

183 1256 316 1337 ciplinee.
334 1251 442 1315 Solum
456 1242 631 1308 differentia
643 1243 725 1303 inter
738 1239 895 1319 apostolos
906 1240 938 1298 et
952 1238 1115 1318 episcopos

181 1356 215 1416 in
237 1372 273 1414 eo
294 1352 356 1412 stat
376 1346 461 1426 quod
481 1358 596 1403 munus
614 1339 806 1417 apostolatus
827 1352 890 1395 non
904 1338 974 1397 erat
994 1338 1054 1397 uni
1070 1335 1116 1397 vel
1191 1329 1192 1336 '

183 1449 274 1513 alteri
304 1442 451 1507 Ecclesia
486 1438 749 1515 circumscriptae.
787 1434 943 1504 (laterum
978 1433 1116 1512 episcopi

183 1552 254 1627 poet
290 1540 456 1623 apostolos*
481 1534 624 1614 liturgias
660 1532 913 1610 composuerunt.¹
950 1530 1000 1591 Ita
1035 1530 1115 1609 apud

183 1638 412 1704 Alexandrinos
426 1634 549 1694 Marcus
564 1633 595 1691 et
609 1628 822 1689 Nazianzenus
834 1645 841 1698 ;
861 1625 947 1704 apud
966 1626 1115 1687 Constan-

182 1736 403 1814 tinopolitanos
422 1728 554 1790 Basilius
573 1729 605 1788 et
623 1725 874 1803 Ghrysostomus.
891 1722 957 1801 Ipsi
976 1722 1117 1784 haeretici

184 1816 350 1895 orientales
365 1826 505 1907 priorum
519 1825 698 1900 temporum
716 1819 835 1881 hahent
851 1818 998 1898 liturgias
1015 1839 1038 1881 a
1056 1819 1116 1879 suis
1194 1801 1196 1813 ὓ

183 1926 335 2010 episcopie
350 1921 508 1993 confectas
525 1937 532 1980 ε
550 1916 594 1978 sio
608 1914 795 1991 Nestorium,
811 1915 976 1990 Jacobitae,
994 1919 1057 1978 ete.

221 2028 340 2089 Verum
359 2019 425 2102 jam
446 2021 513 2082 tum
534 2034 553 2078 a
573 2013 682 2094 primis
700 2012 833 2088 seculis,
849 2011 1029 2092 praesertim
1048 2016 1116 2092 post

110 2196 113 2204 ¹
182 2121 307 2184 sedatas
320 2115 565 2200 persecutiones,
581 2111 725 2181 curatum
740 2111 788 2169 est
801 2111 836 2169 ut
856 2107 992 2185 liturgiae
1013 2111 1117 2169 essent
1197 2138 1198 2159 r

182 2236 244 2297 quo
259 2217 327 2277 fieri
347 2218 454 2293 posset
473 2209 567 2270 mode
582 2204 763 2266 uniformes.
780 2202 950 2282 Disciplina
969 2202 1117 2283 liturgica

182 2316 231 2374 est
253 2328 318 2388 prae
342 2309 404 2368 alia
425 2305 510 2366 omni
533 2300 698 2381 disciplina
717 2300 853 2360 maxime
873 2306 946 2359 cum
966 2297 1116 2377 dogmate

182 2419 334 2476 connexa,
359 2397 491 2479 proinde
515 2399 605 2459 sicuti
628 2415 726 2458 unum
750 2398 817 2456 erat
840 2394 967 2471 dogma,
993 2394 1041 2455 ita
1064 2412 1118 2454 cu·

181 2497 284 2563 rande
304 2514 368 2556 una
388 2493 561 2572 disciplina.
583 2492 740 2553 (iurarunt
760 2490 891 2552 eoncilia
910 2488 1118 2568 provincialia
1197 2494 1198 2507 ¹

180 2596 214 2656 in
234 2591 395 2654 occidente
416 2588 666 2651 conformitatem
683 2587 819 2665 liturgiae
834 2585 1042 2646 ecelesiarum
1056 2582 1117 2644 suf-

181 2692 403 2769 fraganearum
423 2703 495 2746 cnm
513 2683 654 2745 Ecclesia
671 2681 936 2758 metropolitana:
952 2679 1117 2757 indepro-

181 2783 267 2847 diere
283 2786 417 2864 quatuor
429 2780 563 2859 liturgia
578 2777 755 2857 praecipua,
768 2775 934 2855 gallicana,
952 2772 1116 2854 hispanice
1198 2768 1199 2773 ’

180 2882 230 2946 vel
243 2881 452 2954 mozarabico,
469 2875 679 2949 ambrosiana,
696 2891 837 2934 romana.

221 2978 283 3040 Sed
302 2981 339 3038 R.
356 2975 532 3046 Pontifices,
549 2974 584 3032 ut
602 2973 688 3048 patet
706 2988 744 3030 ex
762 2967 894 3047 epistola
912 2968 980 3028 lnn.
998 2968 1023 3027 Ι.
1045 2980 1114 3044 qua
1195 2975 1197 3045 ᾗ

179 3073 315 3134 retertur
333 3087 360 3131 o.
377 3073 425 3130 ll.
443 3068 580 3130 distinct.
598 3067 648 3140 ll,
664 3065 809 3126 timentes
829 3082 867 3124 ae
889 3062 930 3123 ob
951 3061 1115 3122 diversitu·
1196 3087 1197 3094 ¹

179 3171 243 3229 tem
257 3164 456 3241 liturgiarum
471 3159 608 3221 haeretiei
624 3162 752 3236 possent
772 3158 968 3218 occasionem
984 3154 1114 3233 amplio-

179 3278 247 3324 rem
268 3275 391 3320 sumere
413 3252 644 3335 praescindendi
665 3254 769 3318 sinum
790 3252 948 3327 Ecclesiae,
975 3269 1032 3330 pro
1057 3265 1115 3310 sua

179 3351 377 3438 providentia
391 3352 549 3424 curarunt,
563 3347 628 3409 sive
640 3347 711 3428 jure
721 3348 885 3427 primatus,
895 3347 963 3406 sive
973 3344 1046 3425 jure
1060 3360 1113 3422 pa·

179 3449 368 3516 triarchatus
387 3450 418 3508 et
434 3443 580 3506 Ecclesiae
599 3443 736 3507 matricis
753 3445 786 3503 in
804 3441 951 3504 ecclesias
970 3439 1113 3503 occiden-

180 3547 269 3620 tales,
293 3547 328 3605 ut
347 3539 475 3618 liturgia
496 3553 628 3598 romana
644 3537 847 3615 reciperetur,
869 3534 1043 3598 attactum
1067 3535 1112 3594 est
