2442 4125
189 260 207 315 2
398 268 629 314 Iasumurtouus
650 269 732 313 sums
754 268 910 331 canorum.
1000 297 1004 302 ·

190 429 223 472 se
245 414 354 473 tenent
368 429 404 471 ex
425 418 514 491 parte
534 412 691 491 negativa,
713 417 867 490 quatenus
888 428 1001 490 nempe
1019 428 1122 473 remu-

189 510 264 568 vent
279 505 441 568 obstacula
455 526 525 586 quae
540 508 610 567 linis
625 508 853 568 assecutionem
867 508 1053 585 impediunt.

1142 288 1149 299 ·

229 599 332 661 Media
346 601 438 679 primi
453 601 577 681 generis
592 602 808 663 connaturalia
826 602 992 680 conceptui
1016 601 1122 681 cujus·
1157 665 1161 671 ,
1194 583 1195 592 ¹

188 692 265 754 libet
287 693 444 755 societatis
467 695 499 753 in
522 694 626 772 specie
648 694 795 755 dixerunt
814 712 885 769 res;
909 698 1025 779 cetera,
1050 713 1120 774 quae

187 795 293 853 tamen
308 796 379 854 sunt
396 793 573 854 necessaria
591 795 819 872 consequenter
840 796 871 853 et
892 792 1118 869 conditionate,

186 885 329 966 inspecta
347 906 460 967 nempe
479 887 636 948 sociorum
653 886 901 965 imperfectione,
917 887 1046 965 proprio
1066 905 1121 949 no·

187 982 271 1043 mine
286 984 444 1062 appellata
458 1001 475 1043 e
490 1002 596 1044 rerum
610 983 753 1061 catalogo
769 986 998 1059 expunxerunt.

228 1080 325 1139 Porro
348 1078 409 1140 duo
429 1084 503 1139 sunt
521 1078 685 1141 obstacula
703 1096 785 1157 quae,
802 1076 834 1136 in
853 1080 1002 1155 corrupta
1020 1077 1122 1139 homi-

188 1192 265 1234 num
280 1179 404 1252 natura,
415 1174 487 1234 finis
497 1174 727 1236 assecutionem
737 1172 913 1251 impediunt
926 1172 1122 1251 :ignorantia

189 1274 220 1333 et
234 1272 504 1349 eoncupiscentia;
522 1273 586 1350 illa,
599 1291 669 1352 quae
681 1290 715 1334 se
729 1275 815 1334 tenet
829 1290 867 1331 ex
881 1274 970 1349 parte
985 1272 1122 1334 intellec-

188 1371 249 1444 tus,
267 1371 298 1429 et
311 1366 399 1427 dubii
414 1370 446 1428 et
459 1368 574 1429 erroris
589 1373 691 1430 mater
706 1372 771 1442 est3
789 1367 889 1428 altera
903 1384 973 1446 quae
988 1384 1022 1427 se
1036 1370 1122 1430 tenet

188 1480 225 1523 ex
239 1467 329 1543 parte
344 1462 524 1540 voluntatis,
537 1466 569 1525 et
578 1464 700 1543 peccati
716 1468 748 1523 et
762 1461 867 1522 delicti
882 1465 929 1523 est
943 1479 1068 1538 parens.
1081 1464 1123 1525 Ut

188 1573 263 1637 ergo
278 1546 410 1619 societas
425 1558 589 1620 hominum
608 1562 718 1620 contra
737 1557 852 1635 duplex
873 1556 1071 1629 obstaculum
1086 1575 1121 1619 se

189 1653 403 1734 praemuniret,
420 1653 525 1715 media
539 1653 687 1735 quaedam
701 1652 834 1715 instituit
852 1670 922 1733 quae
940 1656 1119 1733 utrumque,

190 1751 342 1831 quantum
356 1747 424 1809 fieri
439 1754 553 1829 potest,
570 1748 716 1810 tollerent
732 1768 739 1809 ε
757 1745 770 1827 j
776 1746 878 1808 udicis
898 1754 932 1809 ut
946 1746 1043 1810 dubia
1057 1748 1121 1809 dis·

189 1841 397 1919 solverentur,
414 1840 642 1903 damnarentur
656 1844 687 1903 et
700 1857 843 1916 errores,
866 1858 977 1920 poenas
997 1844 1031 1903 ut
1049 1859 1122 1921 peo-

189 1940 261 2000 cata
274 1934 479 2017 punirentur,
497 1941 834 2017 compescerenturque
862 1935 987 1998 delicta.
1018 1937 1122 2009 Quare

188 2033 307 2098 factum
322 2040 369 2098 est
383 2038 419 2099 ut
428 2034 496 2098 haec
506 2034 568 2098 duo
583 2034 700 2112 media,
711 2049 781 2114 quae
791 2032 850 2094 sub
861 2032 1002 2114 generali
1015 2050 1121 2096 rerum
1200 2021 1201 2024 ¹

189 2130 417 2209 significatione
441 2131 764 2212 comprehenduntur,
786 2130 914 2209 proprio
937 2132 1044 2192 tamen
1066 2147 1124 2192 no-

189 2225 273 2287 mine
289 2225 446 2305 distincta,
464 2247 480 2291 e
496 2235 673 2290 ceterarum
686 2244 794 2288 rerum
807 2226 951 2308 catologo
966 2230 1125 2306 expuncto

189 2324 272 2382 suut.

230 2417 339 2481 Solent
353 2422 460 2485 tamen
474 2419 656 2500 frequenter
669 2423 815 2482 auctores
828 2418 1059 2482 institutionum
1069 2419 1125 2500 ju-

189 2513 244 2592 ris,
267 2515 383 2576 nonin
405 2513 483 2575 duas
505 2515 614 2577 sedin
636 2520 771 2595 quatuor
789 2521 894 2596 partes
916 2515 1122 2596 distinguere,

190 2628 324 2690 quarum
346 2627 410 2670 una
430 2610 469 2671 de
491 2611 645 2691 personis,
661 2613 761 2673 altera
782 2612 946 2689 derebus,
967 2612 1061 2672 tertia
1083 2611 1124 2674 de

186 2702 324 2784 judiciis,
341 2703 451 2764 ultima
464 2703 503 2764 de
520 2704 622 2782 poenis
640 2708 886 2782 nuncuparetur.
905 2705 1032 2788 Verum,
1048 2720 1125 2765 cum

190 2816 247 2860 nos
262 2796 301 2858 de
312 2800 425 2877 poenis,
437 2801 511 2863 satis
522 2799 644 2879 egimus
657 2819 729 2860 cum
742 2799 840 2861 locuti
854 2817 962 2859 sumus
976 2798 1016 2860 de
1030 2817 1126 2861 sanc-

190 2895 276 2958 tione
295 2895 401 2975 legum
421 2897 713 2970 ecclesiasticarum,
731 2915 845 2958 novam
863 2897 945 2958 hanc
962 2898 1125 2958 tractatio·

190 3009 263 3052 nem
285 2983 465 3073 generalem
489 2995 527 3057 de
550 2994 645 3055 rebus
669 3010 849 3055 coercemus
872 2992 913 3054 ad
938 3010 976 3054 ea
996 2995 1125 3062 tantum

190 3088 296 3150 media
310 3107 380 3169 quae
398 3091 531 3172 positive
550 3091 725 3164 Ecclesiam
744 3089 891 3152 ordinant
911 3088 952 3151 ad
970 3092 1126 3151 aternam

190 3187 380 3249 felicitatem.

230 3285 269 3346 Il.
295 3285 443 3348 Jamvero
472 3287 584 3348 horum
611 3286 789 3348 mediorum
815 3287 879 3346 no'n
906 3285 954 3347 est
981 3281 1127 3345 omnium

191 3382 304 3443 eadem
316 3385 497 3463 proximitas
508 3385 664 3447 adfinem.
676 3386 755 3446 Nam
769 3382 832 3442 alla
845 3385 918 3442 sunt
931 3379 1037 3441 media
1050 3397 1126 3459 quae

192 3478 309 3544 directe
337 3481 378 3546 ad
405 3485 502 3550 vitam
528 3482 714 3566 spiritualem
742 3498 799 3541 seu
826 3477 1124 3561 supernaturalem,
