2442 4125
348 356 386 401 na
408 356 535 405 onraoro
556 358 639 404 runis
660 357 815 405 neronior.
990 346 1046 405 199

114 501 285 582 quominus
302 500 335 561 in
350 502 512 563 altioribus
525 501 677 582 gradibus
690 502 774 565 licite
795 507 827 565 et
847 503 953 565 valida
974 521 1046 565 con·

114 598 198 659 trahi
212 597 321 677 possit.
408 636 413 642 -

371 780 404 821 3⁰.
416 776 448 819 De
466 776 555 821 Vincalo
565 776 683 820 honestatis
690 777 793 833 publica.

154 906 293 967 XXXIV.
310 903 416 965 Tertia
430 904 550 981 species
569 904 776 982 proximitatis
799 904 900 964 oritur
919 922 956 964 ex
975 906 1044 982 ipso

112 1006 276 1065 contractu
300 1000 541 1077 matrimoniali,
567 1000 818 1079 independenter
841 1003 873 1061 et
894 1001 1045 1079 praescin-

111 1098 217 1159 dendo
241 1116 260 1157 a
282 1113 451 1174 corporum
475 1096 712 1171 commixtione,
738 1099 770 1156 et
788 1095 904 1157 dieitur
925 1094 1043 1174 publico

109 1194 253 1269 honestus,
279 1208 336 1253 seu
356 1191 477 1271 justitia
498 1192 633 1270 publicae
661 1185 843 1252 honestatis.
868 1192 949 1251 Nam
970 1190 1044 1252 lieet

109 1286 273 1367 conjuges,
286 1290 358 1347 anta
372 1286 563 1347 matrimonii
581 1286 884 1347 consummationem
904 1303 965 1347 non
981 1288 1044 1349 sint

109 1383 174 1444 duo
188 1382 221 1442 in
231 1400 325 1444 carne
337 1400 411 1459 una,
424 1382 530 1443 stricto
542 1400 647 1459 sensu,
657 1386 764 1443 tamen
770 1381 895 1443 illorum
903 1387 1042 1445 coatrae

108 1481 160 1539 tus
175 1476 215 1537 ad
231 1477 290 1538 hoc
305 1477 467 1538 ordinatus
482 1480 539 1554 est,
556 1478 669 1555 etipsa
687 1478 822 1539 societas
841 1478 1042 1539 indissolubi-

108 1569 147 1630 lis
161 1569 244 1629 inter
262 1568 412 1649 conjuges
430 1569 508 1631 inita
527 1570 601 1632 facit
616 1575 650 1631 ut
662 1569 815 1651 tanquam
829 1590 928 1631 unum
942 1573 1041 1631 consi-

109 1666 270 1742 derentur,
287 1672 318 1727 et
331 1684 389 1743 per
403 1684 599 1746 consequens
614 1668 654 1729 ab
667 1668 744 1730 inito
760 1668 907 1749 conjugio
923 1673 1041 1731 etanta

108 1762 421 1837 consummationem,
439 1780 519 1822 unus
535 1762 753 1842 conjuxquasi
767 1763 926 1825 affinitatis
941 1764 1042 1841 speci-

106 1874 180 1917 men
200 1856 364 1917 contrahat
385 1874 455 1917 oum
475 1857 603 1917 alterius
626 1860 885 1938 consanguineis3
906 1859 1042 1920 undeet

107 1952 238 2013 nomina
255 1952 368 2029 soceri,
391 1956 423 2013 et
444 1970 563 2029 socruS,
586 1952 695 2031 generi
716 1957 748 2015 et
768 1972 876 2030 nurus,
898 1954 989 2015 leviri
1008 1960 1041 2015 et

107 2049 223 2130 gloria,
246 2047 349 2110 vitrici
372 2052 404 2111 et
427 2067 582 2127 novercae,
608 2049 744 2130 privigni
758 2054 791 2113 et
811 2050 975 2130 privigna,
1002 2070 1040 2112 ax

107 2149 182 2205 tunc
197 2145 299 2207 solent
314 2145 468 2207 adhiberi.
485 2147 559 2206 Haec
574 2144 791 2224 propinquitas
800 2163 863 2206 non
874 2147 975 2224 potuit
983 2163 1040 2206 vo-

108 2239 172 2300 cari
188 2239 333 2316 affinitas,
350 2241 406 2302 sed
420 2241 547 2320 publica
560 2241 710 2301 honestas
724 2246 837 2301 vocata
850 2243 907 2302 est.

147 2336 203 2395 Est
218 2337 249 2397 et
263 2334 324 2395 alia
339 2336 459 2414 species
479 2354 547 2415 quae
571 2337 671 2397 oritur
691 2354 729 2396 ex
750 2336 947 2415 sponsalibus
965 2337 1040 2398 vali-

106 2430 166 2491 dis,
182 2430 269 2491 Licet
290 2431 373 2490 enim
394 2431 552 2511 sponsalia
574 2432 809 2494 matrimonium
830 2451 893 2493 nou
914 2433 986 2509 sint,
1008 2440 1040 2494 et

107 2525 278 2602 propterea
291 2542 354 2584 non
369 2525 489 2602 possint
503 2526 690 2604 aequiparari
705 2527 904 2588 matrimonio
920 2546 978 2590 nee
995 2528 1038 2587 illi

106 2615 192 2694 quod
219 2614 322 2677 adhuc
351 2636 414 2678 non
442 2623 695 2681 consummatum
724 2623 790 2695 est,
821 2627 1038 2683 verumtamen

104 2728 222 2788 sponsa
235 2717 283 2772 est
297 2714 387 2790 quasi
401 2730 490 2789 uxor,
514 2732 647 2792 sponsus
669 2715 757 2794 quasi
779 2716 921 2790 maritus,
943 2715 1039 2777 itaet

105 2808 330 2885 consanguinei
350 2809 441 2868 unius
464 2809 562 2887 partis
581 2810 752 2888 quamdam
771 2809 1038 2888 propinquitatem

105 2903 292 2964 contrahere
306 2903 454 2965 videntur
468 2923 540 2964 oum
555 2905 655 2966 altera
669 2908 769 2982 parte,
784 2905 858 2965 licet
871 2905 975 2966 adhuc
988 2924 1037 2966 ce·

102 2997 236 3059 lebratio
250 2999 440 3060 matrimonii
455 3000 532 3060 inita
547 3017 609 3060 non
625 3001 675 3060 sit.

144 3097 219 3154 Haec
238 3095 456 3175 propinquitas
478 3096 651 3157 admodum
674 3096 784 3157 similis
807 3102 855 3160 est
874 3097 919 3158 illi
942 3116 1037 3179 quam
1070 3119 1074 3128 ¹

26 3255 28 3258 ,
103 3190 264 3268 publicam
278 3191 476 3253 honestatem
490 3192 637 3268 diximus,
661 3198 693 3254 et
712 3198 881 3271 propterea
900 3194 959 3255 sub
981 3213 1038 3256 no-

103 3283 187 3344 mine
202 3284 336 3362 publicae
353 3285 523 3346 honestatis
543 3287 639 3346 venit.
663 3288 868 3348 Verummon
888 3307 979 3350 secus
1000 3309 1037 3351 ae

104 3379 240 3441 affinitas
254 3401 260 3441 :
277 3381 351 3441 licet
365 3399 402 3440 ex
417 3381 525 3442 illicita
539 3381 653 3458 oopula
668 3385 747 3458 orta,
760 3383 800 3442 sit
814 3384 922 3446 similis
937 3385 1037 3446 affini·

102 3475 160 3538 tati
189 3495 227 3536 ex
249 3476 362 3554 copula
383 3476 539 3556 conjugali
561 3475 756 3554 proindeque
777 3477 864 3538 illam
883 3480 1034 3557 imitetur,

103 3587 167 3630 non
181 3573 285 3650 potest
298 3574 404 3632 tamen
417 3571 463 3632 illi
476 3571 676 3651 equiperari,
692 3573 737 3633 ita
750 3572 783 3632 in
798 3591 831 3632 re
846 3579 963 3636 nostra.
