2442 4125
250 345 307 403 lssd
461 351 689 399 ntsrl'rurlottus
709 352 793 397 tulus
816 350 970 397 canonica

249 510 281 567 et
294 505 334 565 ab
349 520 386 563 eo
401 508 542 579 tempore
558 500 671 570 eodem
681 498 752 579 jure
767 516 804 559 ac
821 516 900 578 pura
909 496 1072 576 sponsalia
1081 496 1157 555 deme·

248 603 377 664 tiuntur.

411 757 493 810 onitu·
504 755 579 799 modiis
592 758 665 810 posset
676 754 716 797 hoa
728 752 917 809 adimplementum
927 753 1016 807 urgeri.

290 885 356 944 XX.
383 881 463 953 Quid
486 897 572 954 vero,
597 878 625 937 si
648 881 780 957 urgente
805 877 1010 955 obligationis
1034 873 1155 951 adimple

249 983 366 1056 mento,
382 993 516 1055 sponsus
536 974 585 1035 vel
607 991 723 1051 sponsa
743 977 890 1035 renueret
908 973 1096 1035 contrahere
1112 986 1153 1028 m-

248 1073 447 1144 trimonium;
479 1088 626 1150 quaenam
645 1068 725 1149 juris
748 1069 889 1129 remedia
911 1073 1033 1147 praesto
1055 1067 1119 1127 suut
1134 1066 1155 1121 ut

248 1186 383 1229 renuens
399 1167 580 1246 obligationi
595 1164 789 1227 satisfaciat?

288 1264 457 1336 Quaestioni
471 1263 544 1324 huic
558 1260 750 1339 respondere
766 1259 913 1321 videntur
927 1261 993 1321 duo
1009 1259 1107 1337 eapite
1116 1257 1154 1314 lle

249 1358 412 1419 crotalium
429 1376 435 1417 :
453 1355 493 1416 de
508 1356 707 1433 sponsalibus
721 1358 752 1415 et
765 1354 979 1415 matrimonio

288 1456 363 1532 Gap.
380 1468 410 1513 x.
429 1450 609 1529 Propositus
625 1455 672 1512 est
689 1450 868 1511 Alexandro
890 1450 943 1510 lll⁰
966 1466 1061 1511 casus
1078 1437 1152 1523 spousi

249 1552 301 1631 qui
325 1548 480 1611 renuebat
502 1546 675 1624 adimplere
699 1546 858 1624 sponsalia
881 1562 950 1624 quar
974 1533 1151 1625 jurejurando

248 1649 439 1707 firmaverat.
457 1646 605 1721 Summus
621 1642 764 1703 Pontifex
774 1640 943 1719 respondet
958 1644 996 1702 ut
1005 1638 1150 1699 moueatur,

249 1748 280 1805 et
300 1745 326 1804 si
349 1742 474 1804 monitis
502 1758 564 1800 non
584 1741 792 1819 acquieverit,
814 1740 953 1799 censuris
978 1732 1152 1814 compellatur

249 1837 318 1917 (uisi
330 1836 416 1917 justa
429 1853 524 1895 causa
538 1835 704 1914 obstiterit)
727 1854 876 1914 sponsam
896 1836 928 1895 iu
950 1848 1082 1899 uxorem
1099 1820 1150 1887 reci·

247 1952 322 2013 pere
338 1938 369 1993 et
382 1929 517 1992 maritali
531 1931 697 1992 affectione
711 1935 857 1993 tractare.
1085 1936 1087 1941 '

287 2032 328 2092 At
341 2029 443 2108 capite
464 2026 590 2104 xv11‚in
611 2026 705 2088 simili
723 2044 796 2088 casu
819 2027 859 2088 de
880 2025 1075 2106 sponsalibus
1089 2018 1149 2097 just

245 2127 381 2206 jurando
395 2125 537 2200 firmatis,
555 2141 625 2202 quae
645 2141 761 2200 sponsa
779 2123 952 2204 adimplere
973 2112 1146 2185 detrectabat

247 2220 415 2297 requisitus
436 2218 549 2279 Lucius
567 2218 620 2293 ΙΙΙ,
643 2234 705 2295 qua
724 2233 857 2278 censura
876 2219 944 2278 haee
962 2217 1074 2277 mulier
1089 2219 1148 2268 oon·

247 2309 322 2385 pelli
344 2309 484 2385 deberet,
507 2308 678 2387 respondet
702 2329 708 2369 :
736 2311 815 2370 Cum
834 2309 934 2371 libera
955 2307 1087 2370 debeant
1103 2309 1148 2357 esst

248 2401 457 2478 matrimonia,
474 2404 632 2464 mouenda
647 2411 694 2466 est
707 2406 811 2484 potius
827 2425 921 2485 quam
936 2401 1085 2486 cogenda,
1099 2403 1147 2452 cum

248 2496 424 2558 coactiones
440 2498 581 2560 difficiles
596 2501 717 2562 soleant
731 2502 831 2562 exitus
850 2501 1031 2581 frequenter
1049 2492 1145 2556 hahere

288 2593 423 2667 Quaestio
437 2595 510 2655 iude
526 2597 626 2657 oritur
643 2597 725 2658 inter
743 2599 919 2659 canonistas
941 2615 982 2658 an
1003 2591 1105 2657 Lucius
1119 2575 1146 2640 lll

243 2687 306 2770 juri
322 2689 361 2749 ab
376 2687 554 2749 Alexandro
570 2688 623 2764 ΙΙΙ,
640 2692 757 2750 statuto
773 2689 982 2768 derogaverit.

287 2786 345 2860 Qui
359 2787 467 2845 teuent
480 2783 661 2862 generalem
675 2784 818 2863 regulam
832 2784 1032 2864 proposuisse
1044 2776 1145 2839 Alexar-

247 2883 339 2943 drum
353 2882 406 2954 Ill,
418 2880 526 2941 dicunt
538 2880 669 2940 Lucium
685 2883 727 2942 Ill
741 2881 791 2941 vel
802 2881 1000 2959 proposuisse
1011 2864 1146 2955 specialem

246 2978 462 3056 exceptionem
471 2993 528 3054 pro
536 2975 677 3036 mulieris
686 2976 911 3056 imbecillitate,
921 2976 971 3036 vel
980 2975 1039 3036 illis
1048 2958 1142 3030 verbis,

245 3074 418 3135 monendas
437 3091 504 3133 esse
522 3072 626 3150 potius
645 3091 740 3151 quam
759 3072 928 3152 cogendas,
949 3067 1144 3132 docuissem·

246 3168 321 3226 dum
334 3169 480 3229 servandi
492 3167 545 3246 jus
559 3167 599 3228 ah
615 3167 792 3228 Alexandro
807 3172 974 3243 statutum,
991 3183 1051 3228 non
1064 3157 1141 3220 autom

245 3261 290 3320 illi
299 3261 477 3340 derogasse,
490 3263 636 3325 videlicet
647 3282 708 3324 uon
720 3264 917 3341 prohibuisse
927 3275 1069 3324 censuras
1077 3241 1142 3313 adhi-

244 3357 364 3417 bendas
378 3375 457 3433 esse,
474 3361 529 3420 sed
543 3361 588 3422 ita
601 3359 796 3422 adhibendas
812 3364 846 3422 ut
859 3363 966 3440 spousi
985 3358 1077 3438 potius
1092 3355 1139 3404 111⁰·

245 3452 341 3512 nendi
354 3469 450 3529 quam
464 3455 596 3530 cogendi
612 3456 684 3518 sint.

285 3550 326 3607 At
339 3545 390 3604 hio
404 3547 615 3621 respondendi
634 3551 746 3611 modus
766 3551 945 3614 satisfacere
967 3569 1026 3614 nou
1045 3536 1137 3608 videtur
