2442 4125
331 357 370 402 oa
391 357 520 403 oniacro
539 357 622 402 roais
645 357 800 404 aaronica
972 347 1030 406 ato

92 503 243 566 solebant
254 501 360 579 plnres
373 500 444 560 fleri
467 499 641 562 oblationes
655 499 696 562 ab
716 499 894 562 haeredibus
914 502 964 562 vel
979 518 1032 564 co-

91 601 199 681 gnatis
208 596 359 672 defuncti,
371 613 442 674 quar
450 594 606 656 cedebant
620 596 652 656 in
663 597 865 658 commodum
873 596 1028 674 ecelesia,

92 714 168 777 quae
183 710 292 755 curam
305 691 425 752 funeris
438 695 470 752 et
483 692 595 752 tumuli
609 693 751 771 gerebat.
769 693 963 773 (Secundum
980 711 1031 753 ve-

92 790 303 874 tustissimam
313 787 618 849 administrationem
634 788 749 867 peculii
763 789 976 866 ecclesiastici,
993 809 1031 851 ex

93 887 142 946 eis
157 883 386 947 detrahebatur
400 889 507 960 quartu
518 899 590 960 pars
614 900 671 961 pro
691 882 845 962 Episcopo
861 881 1031 964 insignum

92 977 254 1061 generalis
285 975 566 1038 administrationis
599 995 696 1056 qnam
731 978 905 1056 Episcopus
936 979 1033 1040 habet

93 1073 240 1137 omnium
254 1071 459 1133 ecclesiarum
473 1087 539 1132 suae
554 1071 749 1150 diaeceseos.)
758 1073 857 1134 Hodie
867 1074 935 1136 loco
950 1075 1031 1154 psal-

92 1187 222 1231 morum
249 1170 281 1229 et
307 1167 499 1245 hymnorum
526 1167 581 1246 qui
608 1168 668 1227 sub
697 1174 788 1230 nocte
817 1169 1031 1234 recitabantur

93 1268 182 1330 circa
190 1265 338 1340 cadaver,
348 1261 501 1324 successit
514 1261 645 1341 officium
655 1261 868 1342 defunctorum.
881 1269 956 1329 Post
970 1269 1031 1330 hoc

91 1359 191 1422 hodie
205 1357 358 1419 celebrari
365 1357 445 1417 solet
454 1355 644 1416 sacrificium
654 1356 773 1432 missae3
790 1359 845 1420 sed
855 1359 1031 1424 oblationes

91 1458 311 1530 exoleverunt,
322 1472 378 1515 sen
393 1453 507 1514 melius
520 1453 713 1515 transierunt
724 1453 755 1515 in
770 1457 1031 1518 consuetudinem

91 1552 244 1617 Ecclesia
258 1550 426 1613 tumulenti
441 1548 595 1628 quasdam
605 1550 805 1628 pecuniarias
814 1553 1031 1629 praelationes

90 1645 354 1713 subministrandi
375 1644 416 1707 ad
431 1647 549 1706 certam
564 1662 721 1706 summam
735 1649 869 1706 taxatas.

135 1747 214 1807 llum
229 1743 371 1804 Ecclesia
393 1741 577 1803 tumulatrix
598 1745 681 1802 esset
695 1741 894 1819 parochialis,
911 1741 972 1804 illes
992 1761 1032 1804 ex
1092 1735 1094 1740 ’
1129 1806 1132 1812 ,

89 1845 222 1920 integro
247 1838 394 1900 redibant
411 1838 445 1898 in
463 1837 605 1898 levorem
625 1837 854 1915 parochorum;
880 1838 937 1900 sed
958 1857 1032 1901 eon·

91 1955 183 2001 cesso
198 1933 381 1998 tumulandi
400 1933 473 2013 jure
487 1932 635 1994 Ecclesiis
650 1950 713 1994 non
727 1932 972 2011 parochialibus,
989 1954 1028 1998 ne

91 2035 248 2098 damnum
270 2029 449 2117 immineret
468 2028 592 2110 juribus
617 2028 861 2109 parochialibus,
878 2031 1031 2113 statutum

92 2134 143 2192 est
157 2132 192 2191 ut
205 2127 353 2209 quaedam
366 2126 576 2189 determinata
586 2143 661 2205 pars
675 2125 895 2187 detraheretur
906 2144 942 2185 ex
953 2126 1031 2188 inte-

90 2226 159 2307 gris
182 2224 269 2285 hisee
292 2221 556 2302 praelationibus,
581 2239 652 2302 quae
675 2226 828 2300 tanquam
855 2238 929 2300 pers
952 2222 1030 2303 legi-

90 2324 172 2383 tima
194 2321 323 2383 cederet
342 2319 375 2379 in
398 2318 540 2379 favorem
561 2317 701 2395 parochi.
728 2320 802 2379 Haec
827 2318 906 2381 torte
932 2304 970 2379 ex
993 2338 1030 2381 eo

92 2415 181 2497 quod
191 2417 304 2494 quarta
314 2414 457 2475 omnium
467 2414 562 2488 esset,
575 2416 688 2475 vocata
699 2416 747 2475 est
757 2421 866 2493 quarta
875 2414 1029 2494 tenerulis,

91 2510 259 2594 lucernata,
284 2508 473 2589 parochialis,
500 2508 649 2570 canonice.
675 2511 737 2571 Sed
760 2511 853 2572 hodie
877 2514 1031 2573 remansit

92 2625 222 2683 numen,
238 2624 290 2667 res
311 2611 418 2666 autem
441 2622 504 2668 non
526 2605 571 2667 ita
590 2605 762 2684 respondet
787 2609 820 2667 ut
841 2607 882 2667 sit
906 2624 1036 2684 semper,

94 2700 1031 2786 quartapars,sedaliquandotertia‚dimidia.Monumenta
1119 2772 1123 2781 Ι

93 2802 227 2860 vetusta
242 2796 413 2876 disciplina
429 2794 539 2855 videas
558 2794 643 2873 apud
658 2793 816 2856 Pontium.

134 2892 305 2971 Completis
319 2891 469 2970 exequiis,
486 2891 622 2952 cadaver
636 2892 695 2951 sub
709 2890 778 2951 aliis
792 2890 986 2951 ceremoniis
1001 2894 1032 2950 et

94 2990 292 3053 orationibus
305 2988 471 3067 sepelitnr;
488 2988 544 3048 sed
559 3005 623 3049 non
638 2988 709 3049 ideo
724 2986 968 3047 memoriaillius
979 2986 1031 3047 de-

91 3088 177 3148 letur
198 3084 327 3147 omuino
359 3085 391 3145 in
415 3083 526 3144 officiis
555 3084 794 3157 ecclesiasticis3
818 3083 873 3143 sed
902 3086 1032 3161 praeter-

93 3197 191 3262 quam
205 3179 291 3259 quod
306 3179 436 3241 nomina
449 3178 587 3256 plurium
596 3177 678 3238 bene
692 3178 877 3239 meritorum
886 3194 1033 3239 recense-

94 3278 213 3338 bantur
226 3276 259 3335 in
273 3275 371 3336 sacris
386 3273 555 3353 diptychis,
573 3273 625 3334 die
644 3276 688 3349 3⁰,
703 3278 746 3349 7⁰,
770 3277 832 3348 30⁰,
856 3276 919 3350 40⁰,
942 3292 1033 3335 reno·

94 3371 231 3432 vabatur
245 3369 339 3431 funus
354 3368 422 3448 jam
443 3373 511 3430 tum
531 3388 551 3429 a
573 3368 704 3430 vetustis
723 3368 870 3430 Ecclesiae
897 3371 1030 3433 saeculis.

95 3470 303 3531 Monumenta
316 3469 504 3548 allegantur,
521 3470 677 3546 utsupra,
695 3470 779 3548 apud
794 3470 949 3533 Pontium.
966 3471 1033 3532 Mos

95 3564 272 3627 renovandi
289 3564 402 3627 funera
415 3564 465 3625 die
488 3567 532 3641 3⁰,
549 3570 592 3643 7⁰,
606 3567 671 3642 30⁰,
697 3566 851 3629 retinetur
871 3568 975 3629 adhuc
990 3568 1031 3628 ab
