2442 4125
309 359 347 402 os
368 355 497 402 euasero
518 355 600 401 rums
622 353 778 401 annosior.
949 340 1008 398 229

84 511 123 568 2⁰
143 505 288 584 Tempus
306 502 445 582 feriatam
459 500 537 562 illud
558 503 605 562 est
627 517 690 579 qno
712 497 831 578 nuptiae
853 497 1009 560 solemnes

38 604 85 664 ab
102 599 272 664 Ecclesia
285 598 503 678 probibentur.
519 599 658 674 Tempus
670 595 748 656 illud
761 595 837 658 olim
855 593 1008 672 amplissi-

38 713 140 757 mum
157 695 330 756 hodierno
342 693 414 774 jure
429 691 661 772 angustioribus
674 691 816 755 terminis
825 690 1008 751 conclusum

40 797 106 869 est,
131 809 267 869 nempe
289 791 329 850 ab
343 791 491 851 Adventu
511 805 612 868 usque
632 787 674 848 ad
694 785 914 865 Epiphaniam,
936 785 969 843 et
989 799 1008 840 a

39 888 96 947 die
117 887 291 948 Cinerum
313 885 354 947 ad
378 887 522 946 octavam
542 883 705 945 Paecbatis
723 883 874 944 inclusive
898 880 1004 959 (Cone.

41 983 140 1044 Trid.
159 1002 190 1044 s.
212 982 329 1046 XXIV.
346 999 373 1042 a.
391 997 421 1042 x.
438 981 478 1042 de
494 979 588 1059 aet).
605 981 701 1058 Optat
714 978 801 1039 enim
813 977 954 1040 Ecclesia
972 981 1007 1039 ut

41 1080 166 1140 fideles
201 1079 298 1138 bisce
325 1076 520 1154 temporibus
548 1082 663 1137 vacent
688 1074 819 1136 liberios
850 1073 1004 1150 orationi,

42 1173 199 1254 jejuniis,
219 1178 286 1233 etc.
304 1191 324 1232 a
337 1169 784 1251 quibusabstrahuntnuptiae.
796 1169 1007 1232 prohibentor

46 1270 111 1330 hoc
126 1272 289 1347 tempore
303 1267 538 1330 benedictiones
553 1265 709 1345 nuptiales
723 1271 755 1328 et
764 1270 885 1328 caterae
895 1267 1005 1327 solem·

47 1364 187 1440 uitales,
207 1380 279 1423 non
303 1365 420 1439 autem,
446 1361 598 1423 hodierno
623 1361 735 1424 saltem
753 1363 825 1443 jure
848 1366 1003 1441 spectato,

49 1460 121 1536 ipse
133 1463 330 1521 contractus
344 1457 594 1520 matrimonialis.

92 1557 126 1614 3⁰
144 1553 318 1634 sponsalia
332 1554 390 1616 rite
405 1557 566 1616 eontracta
580 1572 654 1615 cum
668 1572 732 1615 nna
745 1569 892 1632 persona,
906 1554 1007 1630 imps-

53 1649 151 1710 diunt
165 1648 413 1710 matrimonium
427 1667 499 1710 oum
518 1649 591 1727 alia,
615 1649 674 1711 nisi
696 1647 887 1710 interveniat
908 1647 1005 1708 diseo

53 1743 135 1804 lutie
162 1745 229 1806 rite
258 1762 295 1805 ac
317 1745 456 1824 legitima
478 1744 580 1818 facte3
611 1745 666 1825 qui
696 1744 780 1806 enim
806 1742 1007 1821 sponsalibus

56 1837 176 1916 ligatus
193 1840 438 1902 matrimonium
452 1841 663 1918 contraheret,
682 1841 736 1921 jus
756 1841 888 1902 alterius
907 1841 1006 1920 partis

59 1932 197 1996 laederet
211 1955 219 1997 ε
233 1936 321 1996 unde
332 1937 489 2015 sponsalia
496 1937 567 2018 jure
578 1938 675 1998 etiam
685 1937 820 1999 naturali
830 1936 1006 2016 impediunt

60 2031 320 2098 matrimonium.

102 2130 135 2187 4⁰
171 2128 284 2191 Votum
306 2130 439 2209 simplex
459 2130 630 2206 castitatis,
659 2132 716 2191 ant
742 2132 851 2191 votnm
873 2128 1006 2207 simplex

62 2221 289 2301 ingredienda
304 2226 475 2305 religionis,
499 2225 679 2287 assumendi
701 2224 845 2287 ordinem
865 2242 1002 2302 sacrum,

64 2316 717 2399 impeditmatrimoniumcontrabendum,
729 2322 1004 2403 omnisenimpro·

64 2410 170 2475 missio
193 2419 265 2477 Deo
289 2415 374 2479 facta
393 2422 424 2479 et
442 2418 482 2478 ab
501 2437 539 2479 eo
559 2422 724 2497 acceptata
740 2418 863 2483 inducit
881 2420 1006 2502 obliga·

66 2505 184 2570 tionem
209 2512 390 2593 exequendi
415 2530 509 2591 opere
532 2512 564 2575 id
593 2514 679 2595 quod
705 2514 765 2576 luit
791 2517 1001 2595 promissum

67 2618 157 2677 porro
172 2609 414 2670 matrimonium
427 2609 592 2671 induceret
606 2610 833 2690 obligationem
846 2619 920 2673 voto
931 2612 1003 2672 sim·

68 2695 151 2769 plicis
169 2704 376 2765 continentia
399 2706 603 2783 contrarium,
629 2706 774 2784 adeoque
797 2705 905 2765 illicite
929 2721 1005 2765 con-

68 2791 265 2875 traheretur,
296 2799 356 2859 nisi
382 2800 495 2861 saltem
521 2806 631 2862 votum
658 2806 730 2879 post
753 2798 914 2878 sponsalia
935 2799 1004 2878 jam

69 2888 228 2984 contracta
242 2892 392 2954 omissum
406 2892 510 2970 fuerit,
524 2912 584 2974 quo
601 2912 677 2955 casn
692 2912 750 2955 nec
763 2891 1004 2954 matrimonium

72 2982 211 3061 impedit,
229 3004 288 3047 nec
302 2986 470 3065 sponsalia,
487 2993 629 3067 exparte
643 2989 799 3063 voventis,
816 2984 945 3048 dirimit.

119 3109 142 3152 B·
155 3112 187 3157 Ile
199 3118 314 3173 disciplina
325 3117 470 3163 ecclesiastica
480 3118 502 3163 ln
514 3119 590 3165 ordine
599 3120 627 3163 ad
638 3120 798 3164 matrimonium
809 3121 953 3163 eontmotnm.

149 3208 190 3259 Oui
200 3213 361 3258 matrimonium
370 3228 474 3259 asamar-c
483 3216 577 3271 possint,
588 3217 623 3259 acl
631 3219 709 3259 conca
718 3214 775 3258 illud
785 3216 924 3271 tutillam-it.

118 3305 131 3342 a
140 3287 264 3360 Quium
274 3294 474 3357 admittantur
482 3297 522 3358 ad
533 3297 746 3359 accusandum
754 3298 999 3378 matrimonium,

77 3376 122 3435 vel
135 3382 365 3452 testificandum
378 3398 488 3454 contra
501 3392 602 3454 illud?
622 3394 654 3455 Si
674 3402 788 3474 agatur
806 3400 917 3458 eontra
935 3413 1004 3459 ma-

112 3547 191 3608 ¹ldd.
210 3572 242 3612 ex
256 3564 388 3631 Pirbing,
402 3567 420 3617 l.
433 3568 478 3629 lv,
492 3566 608 3629 Deerat,
623 3568 665 3620 tit.
680 3579 740 3619 v111.
