2442 4125
171 291 227 350 l92
378 295 606 344 rasrrrcrronns
626 294 710 342 ruurs
731 293 887 339 cruorum.

172 465 240 510 ram
266 442 395 524 genuit,
429 455 499 520 quae
523 444 570 500 est
593 436 853 500 descendentium
876 443 908 499 et
930 435 1108 498 ascenden-

172 543 261 607 tium.

211 637 308 700 Linea
326 630 543 697 transversalis
561 633 609 692 est
629 627 727 689 series
745 645 954 708 personarum
974 646 1111 708 quarum

173 752 236 796 una
250 732 344 792 aliam
358 747 420 792 non
434 726 545 808 gignit,
561 725 617 786 sed
633 742 742 786 omnes
756 724 797 785 ab
817 741 881 785 nna
898 741 957 802 per
976 742 1112 803 genera-

172 831 301 892 tionem.
687 886 689 889 .

212 926 349 987 Possunt
362 926 468 982 autem
482 917 598 980 distare
609 935 630 978 a
642 917 800 978 communi
816 916 922 995 stipite
932 916 1112 996 aqualiter,

173 1023 223 1083 vel
236 1018 452 1100 inaequaliter3
469 1014 552 1076 linea
567 1012 697 1093 aequalis
712 1015 743 1074 et
756 1012 932 1092 inaequalis.

212 1117 310 1177 Linea
332 1115 379 1174 est
402 1111 497 1172 series
520 1111 570 1172 vel
593 1109 671 1170 ordo
697 1126 904 1187 personarum
927 1108 1017 1169 inter
1038 1128 1117 1190 quas

174 1207 352 1272 communio
374 1205 535 1285 sanguinis
553 1203 731 1266 intercedit.
753 1201 876 1263 Gradus
895 1207 945 1262 est
962 1202 1118 1266 distantia

173 1308 255 1367 inter
268 1319 437 1382 personam
452 1307 484 1362 et
497 1317 665 1378 personam
679 1318 698 1360 a
712 1297 872 1361 communi
886 1298 1008 1378 stipite.

215 1399 343 1480 Regula
358 1415 414 1476 pro
429 1395 580 1477 gravibus
595 1417 602 1457 :

216 1499 247 1558 l⁰
267 1498 327 1556 Pro
350 1494 434 1556 linea
456 1492 694 1554 ascendentium
715 1495 747 1552 et
767 1490 1047 1568 descendentium,
1074 1496 1119 1553 tot

175 1598 249 1654 sunt
268 1591 386 1672 gradus
405 1591 481 1669 quot
501 1593 574 1650 suut
592 1605 746 1666 personae,
763 1587 891 1666 dempto
910 1603 976 1647 nno
997 1587 1116 1666 stipite.

215 1693 248 1750 2⁰
261 1690 322 1748 Pro
337 1684 508 1747 collaterali
523 1684 639 1762 aquali
655 1705 661 1746 :
680 1686 762 1756 Quot
774 1682 926 1763 gradibus
936 1701 958 1744 a
972 1685 1118 1762 proximo

176 1783 336 1844 communi
349 1781 453 1858 stipite
467 1797 610 1860 personae
626 1780 756 1856 distant,
768 1784 817 1842 tot
829 1779 984 1858 gradihus
999 1780 1120 1842 distant
1211 1840 1212 1847 ,

176 1878 258 1939 inter
271 1895 316 1938 se.
1212 1866 1213 1893 ¹

215 1975 248 2056 3⁰
269 1974 329 2034 Pro
350 1970 522 2034 collaterali
540 1971 688 2052 inaequali
710 1993 716 2033 :
741 1973 825 2045 Quot
843 1971 1000 2052 gradibus
1023 1973 1120 2035 distat
1213 1942 1214 1967 ¹

176 2088 311 2153 persona
325 2070 475 2133 remotior
489 2090 507 2131 a
522 2071 682 2131 communi
696 2070 812 2150 stipite,
823 2072 871 2133 tot
884 2070 1044 2149 gradibus
1058 2071 1119 2133 dis

176 2173 246 2230 tant
257 2169 341 2230 inter
355 2187 398 2229 se.
721 2220 724 2223 ,
1078 2240 1081 2244 1

216 2265 233 2325 J
238 2282 272 2325 us
287 2264 377 2323 civile
392 2264 456 2324 sivo
471 2263 502 2323 in
516 2264 600 2323 linea
614 2265 711 2339 recta,
727 2262 840 2323 sivein
861 2263 1039 2325 collaterali
1053 2284 1120 2327 res-

177 2356 253 2437 picit
272 2374 438 2417 numerum
457 2376 664 2438 personarum
680 2358 719 2421 de
737 2377 871 2439 quarum
890 2361 1119 2441 consanguini-

76 2510 80 2516 .
176 2454 241 2513 tate
255 2451 423 2529 inquiritur
440 2452 473 2512 in
492 2454 594 2515 causis
615 2450 866 2529 successionem
888 2458 920 2517 et
943 2461 1024 2536 quot
1044 2476 1121 2536 per-

178 2564 262 2609 scnae
277 2549 323 2608 tot
336 2547 454 2626 gradus
469 2554 644 2627 enumerat,
661 2569 725 2611 una
737 2550 879 2629 ipsarum
893 2550 1037 2631 dempta.

216 2642 363 2707 Ecclesia
386 2648 547 2724 computat
567 2664 624 2723 per
644 2646 876 2727 generationes,
899 2650 932 2710 et
949 2647 1003 2728 jus
1025 2648 1120 2710 civile

68 2738 72 2745 “
177 2759 234 2823 per
242 2740 476 2824 gradus.Porro
487 2759 602 2802 nomen
611 2742 824 2822 generationis
835 2743 963 2806 uberius
971 2746 1119 2807 cstNam

176 2842 278 2922 prima
309 2839 471 2922 generatio
511 2841 749 2921 comprehendit
767 2846 915 2920 parentes
944 2844 977 2903 et
1005 2860 1118 2905 omnes

174 2937 290 3000 liberos
304 2936 485 2998 immediate
500 2935 592 2997 abiis
606 2938 747 3017 genitos3
765 2938 849 2998 unde
864 2938 978 2999 fratres
994 2939 1118 3001 suntin

175 3033 277 3112 prima
291 3033 507 3117 generatione,
523 3031 579 3093 sed
593 3034 756 3111 generatio
767 3033 859 3113 juxta
868 3034 960 3097 civile
971 3052 1118 3115 compre·

177 3127 285 3190 hendit
299 3130 436 3209 primum
451 3134 483 3189 et
495 3128 671 3189 secundum
684 3130 831 3209 gradum.
843 3131 890 3192 lta
904 3131 1049 3193 secunda
1062 3150 1117 3211 ge-

175 3225 295 3285 neratio
317 3224 553 3304 comprehendit
570 3231 702 3304 nepotes
721 3230 866 3305 respectu
886 3226 950 3303 ari,
965 3227 1023 3307 qni
1042 3244 1114 3289 con·

174 3316 293 3380 sobrini
314 3325 386 3382 suut
406 3322 488 3382 inter
509 3340 542 3381 se
566 3342 573 3382 ε
597 3340 674 3402 ergo
693 3328 843 3403 quartum
860 3323 1008 3403 gradum.
1028 3325 1112 3403 Ergo

175 3412 366 3489 computatio
394 3414 563 3492 graduum,
589 3416 681 3495 juxta
703 3417 756 3496 jus
783 3417 874 3480 civile
898 3418 1060 3481 iuvenitur
1080 3420 1112 3478 in
1187 3410 1192 3427 ⁶

174 3506 293 3565 ratione
309 3505 468 3581 duplicata
482 3511 724 3586 eomputationis
738 3531 796 3592 per
808 3515 1042 3593 generationes.
