2442 4125
185 284 242 343 tlt
393 292 622 341 rusrrrurronus
642 292 725 340 soors
746 290 902 338 curtorum.

225 441 377 503 Dicuntur
409 438 602 501 conditiones
630 443 740 501 contra
765 439 975 502 substantiam
1009 443 1119 503 matri-

185 537 292 613 monii,
310 554 380 615 quae
395 539 597 613 apponuntur
614 535 730 614 triplici
745 535 828 596 bono
849 536 1009 613 connubii,
1030 537 1118 599 vide-

184 634 257 696 licet
271 631 342 691 bono
355 630 458 711 prolis,
473 650 504 692 v.
521 650 551 711 g.
579 650 585 691 ε
610 632 644 693 Si
663 635 790 711 partum
807 631 928 709 abigas,
948 632 975 691 si
993 634 1117 711 prolem

184 732 321 808 occidas,
337 730 364 791 si
378 730 498 809 prolem
514 729 622 807 evites,
641 728 667 790 si
683 730 797 791 doceas
811 728 898 790 illam
911 730 1023 790 falsam
1042 732 1117 793 reli-

184 829 320 908 gionem,
338 830 398 889 etc.

224 925 304 985 Nota
318 922 369 981 hic
379 920 471 983 valde
481 920 639 982 diversam
649 937 716 980 esse
727 918 940 982 conditionem
950 920 1117 983 honestam

183 1019 223 1080 de
238 1016 394 1079 servanda
407 1017 597 1097 virginitate,
613 1017 664 1077 vel
678 1015 837 1092 castitate,
855 1034 926 1094 quae
941 1033 1005 1076 non
1019 1035 1117 1097 oppo-

184 1114 268 1175 nitur
280 1114 364 1176 bono
386 1113 492 1192 prolis,
517 1112 575 1174 nisi
595 1118 716 1173 remote
735 1117 766 1171 et
784 1111 940 1191 negative.
963 1112 1116 1191 (Ferraris

183 1212 251 1272 Vox
279 1229 286 1270 ε
312 1212 445 1290 votum.)
469 1208 598 1287 concipi
621 1208 705 1269 enim
731 1210 834 1284 potest
864 1207 1056 1269 connubium
1082 1210 1115 1268 in

183 1306 286 1384 specie
302 1308 378 1368 etin
399 1309 545 1367 concreto
565 1306 633 1365 sine
653 1302 806 1364 relatione
827 1302 869 1363 ad
890 1304 1116 1365 commercium

183 1403 319 1480 carnale,
337 1402 392 1463 scd
407 1420 470 1464 nou
489 1404 591 1480 potest
609 1398 731 1479 concipi
751 1398 942 1460 connubium
960 1399 1116 1462 directum

182 1591 313 1670 positive
338 1589 554 1652 deordiuando
579 1607 598 1649 a
619 1588 717 1669 prolis
737 1590 935 1667 susceptione
955 1589 997 1650 ad
1017 1608 1115 1669 quam

182 1693 295 1746 natura
310 1686 463 1747 directum
479 1689 536 1762 est,
557 1684 608 1746 vel
627 1684 782 1747 directum
795 1683 837 1746 ad
851 1684 970 1746 malum
983 1686 1111 1764 sobolis,

181 1782 337 1861 siquidem
352 1782 524 1862 nascatur.)

220 1880 252 1937 2⁰
267 1877 324 1940 Vel
338 1878 506 1956 opponitur
521 1878 590 1938 ioco
611 1876 693 1957 fidei,
714 1894 763 1938 ex.
784 1896 816 1957 g.
836 1877 864 1937 si
880 1881 913 1938 te
932 1876 1114 1937 adulteran-

143 2006 148 2014 ·
181 1974 255 2035 dam
269 1977 392 2053 quaestu
406 1974 531 2047 tradas3

219 2074 252 2133 3⁰
266 2069 323 2134 Vel
340 2071 409 2132 bono
423 2070 608 2146 sacramenti,
626 2089 656 2131 v.
672 2089 704 2150 g.
727 2087 891 2150 quousque
910 2068 1004 2130 aliam
1022 2069 1114 2130 iuve-

183 2169 267 2228 niam
282 2185 352 2246 quae
367 2168 443 2227 milri
458 2167 558 2247 magis
572 2166 707 2245 placeat,
723 2168 755 2226 et
776 2211 783 2226 .

154 2304 157 2309 -
221 2263 275 2322 Hee
300 2263 495 2324 conditiones
522 2260 634 2323 vitiant
661 2264 871 2334 contractum3
893 2261 1007 2322 tollunt
1029 2260 1112 2321 enim

181 2371 369 2416 consensum
397 2355 438 2414 ad
471 2353 726 2431 matrimonium,
764 2357 795 2417 et
827 2354 994 2434 porrigunt
1024 2353 1112 2415 illum

180 2463 368 2509 consensum
382 2447 423 2506 ad
438 2446 531 2507 aliam
549 2445 722 2509 illicitatam
741 2447 934 2525 societatem,
956 2467 1026 2528 quae
1046 2467 1112 2511 ma·

179 2542 361 2617 trimonium
376 2561 438 2604 uon
453 2549 510 2606 est.

218 2643 253 2702 In
269 2639 391 2700 caeteris
406 2640 637 2702 conditionibus
655 2640 786 2720 physice
807 2641 857 2701 vel
875 2641 1037 2704 moraliter
1056 2642 1113 2702 im·

178 2737 389 2819 possibilibus,
428 2738 547 2799 obtinet
570 2737 623 2818 jus
651 2737 844 2816 oppositum,
873 2737 1020 2800 videlicet
1047 2756 1110 2798 non

178 2833 298 2908 vitiant,
315 2832 370 2892 sed
386 2831 461 2909 ipsae
476 2831 637 2907 vitiantur,
654 2834 686 2892 et
699 2830 856 2892 habentur
875 2834 1028 2910 tanquam
1048 2848 1111 2891 non

178 2928 319 3007 atlieotae.
346 2927 538 3004 Favorabilis
562 2928 647 2987 enim
668 2930 716 2990 est
736 2945 832 2988 causa
851 2929 1044 3006 nuptiarum,
1065 2928 1112 2988 uti

177 3025 294 3086 dicitur
305 3022 448 3104 predicto
462 3022 556 3103 capite
570 3022 676 3083 ultimo
690 3022 725 3083 de
734 3022 945 3084 conditionibus
949 3042 965 3100 ,·
975 3022 1110 3103 ideoque

177 3120 280 3180 visum
295 3121 343 3179 est
358 3119 389 3179 in
405 3137 441 3180 eo
453 3135 517 3178 nou
527 3118 615 3198 sequi
623 3117 676 3197 jus
690 3137 748 3198 pro
762 3118 885 3180 caeteris
899 3118 1111 3180 contractibus

177 3212 247 3290 lege
260 3229 393 3273 romana
407 3214 438 3273 in
454 3213 514 3274 hac
528 3231 563 3273 re
583 3215 734 3275 statutum
752 3230 811 3292 pro
830 3211 947 3275 ultimis
965 3215 1111 3275 volunta-

177 3304 288 3364 tibus:

218 3399 381 3478 Videlicet,
411 3403 606 3464 conditiones
630 3403 712 3466 facto
736 3409 791 3465 aut
807 3405 880 3486 jure
900 3404 1110 3482 impossibiles

177 3494 388 3556 contractibus
403 3497 554 3575 oppositae
568 3498 639 3560 illos
653 3498 823 3574 vitiahant3
841 3503 948 3577 aperte
963 3500 1048 3560 enim
1069 3519 1109 3560 ex
