2442 4125
334 290 372 335 nn
394 288 521 335 omrcro
541 288 624 333 runis
646 285 802 333 canonici.
1013 276 1033 335 3

98 454 212 517 nempe
226 435 266 496 ad
280 434 378 497 vitam
392 432 466 493 fidei
480 434 512 493 et
521 429 660 493 curiatis
671 430 867 508 ordinantur,
880 448 917 492 ee
928 432 1034 511 proin·

98 535 140 595 de
163 530 304 611 proxime
328 528 436 589 ultimo
455 529 509 588 tini
534 526 725 589 deserviunt.
751 526 822 588 Alia
852 544 929 589 vero
960 534 1034 589 sunt

96 644 170 709 quae
186 624 305 685 directe
323 621 510 684 ordinantur
528 620 568 681 ad
588 618 766 700 physicam,
781 620 961 683 materialem
976 639 1033 683 seu

96 720 263 782 naturalem
291 716 439 779 Ecclesia
465 718 562 780 vitam
593 717 821 795 sustinendam,
844 736 977 799 quaque
999 719 1033 780 io

96 819 196 878 linem
214 812 487 893 supernaturalem
506 830 569 873 non
589 811 775 873 ordinantur
793 812 852 873 nisi
868 821 988 876 mmote
1002 819 1035 877 at

97 917 256 993 quatenus
271 910 340 987 ipse
353 908 504 969 naturalis
519 907 667 969 Ecclesia
682 907 848 971 existentia
861 912 893 970 ct
906 926 1035 971 conser-

97 1006 185 1071 vatio
205 1005 246 1066 ad
268 1011 418 1065 aternam
436 1004 571 1065 refertur
588 1003 781 1080 felicitatem,
797 1022 834 1065 ao
848 1006 945 1067 veluti
959 1025 1035 1087 sup-

97 1102 237 1185 positum
251 1098 412 1163 constituit
430 1100 503 1161 vitae
522 1099 782 1179 supernaturalis.
800 1099 895 1160 Primi
909 1102 1034 1181 generis

96 1197 217 1273 media,
233 1213 305 1257 cum
318 1196 437 1257 directe
451 1195 653 1275 porrigantur
665 1193 706 1256 ad
718 1194 814 1257 vitam
826 1196 1032 1275 spiritualem,

97 1292 163 1355 dici
185 1294 315 1370 possunt
336 1308 382 1351 rer
404 1289 583 1370 spirituale.
608 1290 745 1353 Secundi
768 1291 893 1369 generis
915 1290 1031 1369 media,

96 1387 218 1470 quippe
232 1385 350 1447 directe
365 1392 398 1446 et
410 1386 590 1448 immediate
605 1387 647 1448 ad
661 1387 867 1467 temporalem
883 1388 1036 1452 eonstitu-

96 1485 219 1548 tionem
234 1481 389 1559 ordinata,
403 1480 465 1543 dici
480 1486 612 1561 possunt
625 1500 672 1544 ree
687 1483 871 1564 temporales.

140 1580 244 1653 Quare
258 1577 327 1639 hae
337 1576 477 1639 secunda
488 1578 586 1640 sectio
596 1578 637 1640 de
650 1577 774 1641 interno
789 1578 936 1641 Ecclesia
949 1582 1034 1643 stetu

96 1677 131 1739 in
147 1673 258 1736 ordine
272 1690 309 1734 ao
323 1690 376 1735 res
389 1672 540 1755 distingui
558 1677 662 1754 potest
680 1674 714 1735 in
735 1674 816 1736 duos
828 1674 936 1738 titulos
948 1675 1034 1755 prin·

96 1769 243 1850 oipules:
264 1768 401 1848 primum
421 1768 461 1831 de
481 1772 565 1833 statu
584 1770 733 1833 Ecclesia
752 1770 857 1851 quoad
874 1787 927 1832 res
943 1770 1034 1851 spiri·

96 1866 218 1941 tuales3
240 1864 375 1927 alterum
393 1866 433 1929 de
449 1869 533 1930 statu
554 1866 702 1929 Ecclesia
721 1866 826 1948 quoad
844 1884 895 1929 res
914 1870 1034 1948 tempo·

96 1964 194 2043 mles,

141 2056 221 2118 Gum
235 2075 309 2119 vero
323 2058 471 2139 quadam
484 2075 535 2120 res
550 2055 613 2121 sint
627 2075 698 2139 qua
708 2056 747 2120 de
758 2063 892 2138 unoque
907 2058 1036 2138 partici-

98 2156 180 2236 pent
198 2152 362 2234 elemento,
379 2155 485 2236 qualia
503 2159 577 2218 sunt
596 2153 753 2217 beneficia
770 2155 982 2218 ecelesiastica
993 2189 1035 2204 -

97 2249 294 2332 spiritualia,
317 2255 473 2332 quatems
496 2252 600 2315 officia
621 2256 695 2314 sunt
716 2269 822 2330 sacra,
847 2254 1035 2334 temporalia

96 2365 189 2424 vero,
206 2347 238 2408 in
258 2352 410 2428 quantum
428 2349 589 2411 continent
606 2349 659 2431 jus
677 2349 718 2410 ali
736 2350 957 2431 temporalium
976 2351 1035 2413 ali·

96 2447 294 2522 mentorum,
325 2479 365 2490 —
389 2445 428 2507 de
451 2445 632 2526 hujusmodi
660 2447 757 2508 rebus
779 2465 850 2528 qua
869 2447 942 2530 jure
972 2448 1033 2510 dici

96 2546 235 2621 possunt
247 2542 363 2624 mixta,
381 2543 573 2625 singularem
587 2543 797 2627 adjungemus
812 2545 1030 2625 appendicem.

390 2773 559 2836 aldonus
581 2773 741 2836 PRIMUS.

192 2935 231 2984 DE
253 2937 347 2985 STA'lU
368 2939 519 2984 EGGLESIAE
541 2939 641 2993 QUOAD
660 2939 717 2984 nus
737 2936 940 2985 semiustos.

140 3107 168 3170 1.
178 3109 320 3172 'Humani
334 3111 461 3191 spiritus
475 3111 691 3189 sancdfieatio,
708 3109 824 3191 quippe
843 3127 914 3190 quea
932 3111 1035 3191 tangit

97 3204 280 3285 subjeetum
293 3207 425 3288 simplex
440 3211 471 3270 et
483 3208 658 3287 spirituale,
674 3207 759 3269 nulla
769 3207 870 3270 alieri
884 3207 1033 3288 nulloque

96 3299 162 3362 elio
177 3300 283 3363 medio
297 3305 402 3381 potest
414 3302 594 3363 immediate
610 3301 746 3380 operari,
757 3301 947 3378 conservari,
963 3320 1034 3380 per·

94 3395 150 3457 liei
166 3395 225 3457 nisi
240 3397 377 3477 quadam
390 3399 564 3476 vicomite,
575 3397 734 3474 invisibili,
746 3415 816 3479 qua
825 3399 1035 3476 releatsuper

95 3496 241 3560 animem
263 3501 403 3562 nuaram
424 3498 559 3579 operari.
584 3498 624 3563 Et
646 3497 775 3580 quidem
797 3498 858 3561 hoe
880 3495 1031 3576 medium,
