2442 4125
194 342 235 401 20
403 354 633 401 rusrrrurrouns
652 355 736 400 rums
757 355 913 401 aaronica

192 500 349 580 jamtum
372 518 392 559 a
414 498 514 576 prima
533 497 681 561 Ecclesia
703 498 887 561 fundatione
911 501 978 562 sive
1002 501 1129 563 adultos

194 594 260 653 sive
275 592 422 669 parvulos
440 590 566 651 admisit
584 590 624 651 ad
646 592 816 670 baptisma3
841 591 896 652 sed
918 612 959 653 ne
982 594 1051 654 sine
1072 595 1131 655 de·

193 691 276 751 lectu
311 693 343 751 et
375 688 592 767 imprudenter
619 687 680 747 boc
711 706 863 768 magnum
894 689 1130 769 justificationis

193 783 311 845 donum
332 782 566 859 dispensaretur
586 780 776 857 hominibus,
793 782 886 859 plura
899 782 1041 847 decrevit
1061 784 1131 845 sive

192 897 249 957 pra
265 878 446 952 infantibus,
468 877 533 937 sive
552 893 609 955 pra
629 874 746 937 adultis
767 877 924 938 servanda
945 877 987 939 ad
1008 877 1133 940 licitam

191 975 339 1052 baptismi
354 973 564 1035 collationem.

583 1080 718 1124 nereum.

231 1169 287 1228 IV:
305 1166 396 1226 Initio
417 1164 577 1241 Ecclesia,
593 1164 688 1236 ,nulla
710 1165 896 1245 interposita
915 1185 1026 1246 mora,
1049 1170 1130 1250 bap-

191 1261 301 1321 tismus
325 1262 393 1321 dari
413 1260 612 1345 consuevisse
631 1259 767 1337 videtur,
788 1280 886 1341 quum
905 1280 979 1323 eum
998 1283 1131 1345 suscep·

191 1361 281 1419 turus
295 1373 387 1416 suum
399 1354 465 1433 jam
479 1355 679 1434 patefecisset
696 1355 836 1417 animum
854 1359 979 1435 pietatis
1001 1364 1032 1421 et
1053 1362 1132 1423 reii-

191 1450 294 1531 giouis
321 1450 467 1529 plenum,
497 1450 635 1530 fideique
662 1452 812 1529 mysteria
839 1452 1041 1532 percepisset.
1079 1458 1131 1519 lta

191 1550 311 1623 Actor,
329 1563 396 1623 v111,
413 1548 462 1621 36,
481 1545 596 1606 dicenti
618 1548 763 1608 eunucho
781 1568 788 1608 :
815 1570 829 1606 a
847 1548 925 1611 Eece
938 1569 1030 1630 aqua,
1055 1552 1132 1632 qaid

189 1640 322 1721 probibet
354 1658 399 1699 me
427 1636 597 1717 baptizari?
620 1660 634 1695 a
664 1637 748 1700 dicet
770 1639 800 1700 ei
823 1640 985 1721 Philippus
1011 1662 1018 1703 :
1045 1664 1061 1701 o
1090 1642 1132 1704 Si

190 1735 282 1797 medis
295 1754 332 1795 ea
346 1742 404 1793 toto
417 1732 502 1793 corde
515 1732 583 1793 licet
592 1752 605 1807 ,·
619 1754 634 1789 o
654 1736 685 1794 et
699 1734 895 1812 respondens
908 1736 952 1797 ait
968 1756 975 1795 :
998 1758 1013 1792 a
1027 1736 1127 1798 Credo
1219 1761 1220 1798 z

190 1831 287 1912 filiam
298 1830 354 1892 Dat
360 1848 418 1891 esse
428 1827 524 1889 lesam
537 1826 721 1889 Christum.»
734 1830 873 1909 utjussit
882 1835 965 1893 stare
976 1850 1125 1905 currum;

191 1934 223 1989 et
236 1926 467 1987 descenderunt
481 1927 613 2004 uterque
635 1924 668 1983 in
686 1942 812 2003 aquam,
834 1926 997 2005 Philippus
1017 1931 1050 1988 et
1069 1944 1128 1987 eu·
1220 1924 1221 1975 ἶ

190 2024 311 2086 nuchus
333 2024 364 2085 et
382 2019 552 2100 baptizavit
573 2037 656 2081 eum.
672 2054 713 2065 -
726 2022 808 2081 Act..
831 2037 861 2097 x,
878 2025 929 2097 48,
952 2025 1126 2102 postquam

189 2125 300 2182 Petrus
327 2118 457 2180 vidisset
483 2115 640 2177 mirabilia
667 2133 737 2196 quae
762 2117 948 2179 accidebant
969 2118 1003 2177 in
1026 2119 1123 2180 doma

190 2216 390 2290 centurionis,
408 2214 536 2274 aiebat:
555 2203 578 2270 ἀ
591 2209 746 2291 Numquid
759 2230 867 2292 aquam
885 2214 951 2293 qais
968 2213 1125 2292 probibere

188 2319 282 2392 potest
295 2319 329 2369 at
342 2328 398 2368 aaa
413 2308 636 2387 baptizarentur
646 2306 740 2386 tiqui
752 2307 902 2386 Spiritum
911 2309 1056 2369 Sanctam
1071 2328 1123 2370 ac·

189 2404 409 2486 ceperantsicct
422 2402 538 2462 ernost
552 2425 566 2461 o
587 2405 626 2463 ut
636 2403 730 2482 jussit
743 2421 797 2464 eos
812 2404 977 2483 baptizari,
999 2408 1061 2467 etc.
1084 2438 1126 2451 -

190 2503 413 2566 Verumtamen
445 2516 542 2577 quum
569 2497 750 2577 hujusmodi
785 2501 914 2562 effectus
948 2500 1124 2562 subitanee

190 2596 401 2661 conversionis
416 2599 447 2656 et
465 2594 549 2656 omni
571 2613 666 2656 censu
687 2600 889 2674 portentosae,
913 2617 983 2678 quae
1003 2597 1125 2678 passim

189 2693 375 2756 accidebant
389 2694 420 2754 et
442 2690 733 2768 multiplicabantur
751 2690 784 2750 in
805 2693 956 2771 primaeva
973 2693 1124 2755 Ecclesiae

188 2790 380 2866 fundatione,
401 2787 536 2848 rariores
551 2785 722 2848 evasissent
735 2787 874 2848 Ecclesia
887 2788 953 2867 jam
973 2789 1120 2867 fundata,

189 2891 221 2951 et
234 2890 344 2948 contra
357 2881 549 2962 experientia
569 2880 727 2942 docuisset
747 2882 903 2944 nonsatis
926 2886 1027 2945 tutam
1051 2901 1123 2944 esse

187 2984 283 3045 fidem
297 2983 422 3043 illorum
431 2977 485 3058 qui
495 2977 561 3040 sine
571 2975 710 3054 periculo
722 2980 753 3038 et
762 2977 948 3055 probatione
962 2979 1122 3058 baptismo

189 3085 292 3141 essent
305 3076 427 3151 initiati,
445 3074 575 3135 inducta
589 3078 663 3132 sunt
676 3071 822 3152 quaedam
836 3075 1005 3151 'tyrocinia
1022 3075 1063 3136 ab
1082 3076 1123 3138 iis

188 3172 353 3236 subeunda
373 3171 426 3249 qui
447 3169 488 3230 ad
508 3169 666 3246 baptisma
686 3168 928 3245 contenderent,
950 3170 983 3229 in
1005 3171 1122 3250 quibus

187 3270 312 3330 illorum
325 3266 443 3327 bonum
458 3265 652 3344 propositum
671 3264 871 3343 probaretur,
894 3269 929 3327 ut
949 3265 1009 3343 piis
1029 3283 1123 3326 exer-

189 3363 387 3426 citationibus
401 3365 432 3422 et
443 3360 512 3440 jugi
527 3359 694 3436 catechesi,
711 3359 743 3418 in
765 3376 828 3438 qua
846 3359 921 3420 fidei
942 3366 974 3420 et
994 3378 1123 3423 marum

188 3461 330 3524 doctrina
343 3457 537 3533 tradebatur,
555 3457 799 3534 disponerentur
812 3454 853 3515 ad
871 3456 1029 3535 baptisma
1049 3475 1123 3518 sus-

188 3555 376 3640 cipiendum.

1214 2954 1216 3065 i

1212 3116 1215 3267 i

1212 3378 1214 3471 i
