2442 4125
327 339 367 383 oc
388 339 517 417 caruero
536 340 620 387 mens
641 338 797 387 carorum.
973 332 1030 391 123

84 484 257 566 aedificarit
268 484 410 546 Dominus
423 484 502 545 Deus
517 493 627 547 cottam
639 504 729 567 quem
750 488 863 550 tulerat
875 488 912 552 de
931 490 1030 553 Adam

84 582 126 642 in
139 575 301 657 mulierem,
317 590 346 642 et
357 579 487 642 adducit
498 600 561 642 eam
574 582 617 643 cd
627 582 746 661 Adam,·
762 583 898 666 demitque
910 588 1009 649 Adam
1017 607 1030 649 .·

83 679 159 738 Hoc
181 695 258 738 ncnc
280 696 312 737 or
332 695 371 737 ec
392 676 500 738 ostitm
519 679 591 739 meis
612 685 639 740 et
661 698 730 741 ccco
749 680 785 743 de
805 700 893 744 corae
916 702 1028 746 mea...

87 773 288 849 Quamobrem
306 773 451 854 relinquet
471 774 555 835 tomo
573 782 689 855 patrem
706 795 792 838 raum
809 787 839 839 et
858 787 981 841 matrem
1002 790 1031 842 et

84 868 257 931 adlmretit
269 888 363 931 acore
375 887 446 947 rac,
461 869 657 932 cremaretur
670 872 702 933 ic
714 891 802 935 carce
814 892 885 937 cua.

135 964 231 1041 ibid,
247 982 272 1041 r,
288 968 327 1026 28
343 985 350 1027 :
366 964 580 1046 Bmedicitque
599 966 658 1027 illic
676 968 756 1031 Dect
772 980 801 1031 et
813 970 857 1033 ait
873 990 880 1032 :
903 969 1031 1035 Crescite

86 1068 124 1123 et
137 1060 385 1143 multiplicamini,
400 1073 429 1123 et
442 1062 551 1144 replete
565 1066 690 1127 imam.
1067 1058 1071 1071 “

135 1156 278 1219 Observa
294 1178 301 1218 :

136 1258 168 1315 l⁰
189 1253 425 1315 Matrimonium
447 1258 495 1317 est
518 1255 666 1339 quaedam
686 1256 822 1333 sociatam
848 1276 923 1320 nam
946 1262 1030 1321 Deus

88 1350 241 1411 moretur
256 1348 297 1410 ed
311 1348 503 1409 creationem
512 1348 652 1411 mulieris
666 1355 701 1411 ut
714 1350 892 1413 inveniatur
906 1352 1031 1434 adJ'uto-

89 1446 189 1523 rium,
204 1444 256 1507 rel
268 1444 373 1505 socius
386 1444 500 1525 aliquis
514 1444 637 1507 Adamo
652 1446 772 1524 similis,
789 1453 821 1508 et
833 1448 879 1510 ita
891 1449 964 1513 vitm
978 1468 1030 1513 so·

88 1543 201 1603 lamen
220 1544 254 1603 et
272 1540 418 1605 amicitiae
437 1541 620 1605 societatem
638 1543 738 1621 possit
765 1544 917 1607 obtinere.
945 1547 1028 1625 Ergo

88 1638 165 1699 finis
188 1636 369 1717 principalis
392 1637 487 1717 hujus
507 1639 667 1703 societatis
689 1639 883 1701 consortium
902 1639 974 1703 vnae
998 1644 1030 1704 et

88 1737 240 1796 mutuum
254 1734 447 1815 adjutorium
461 1738 519 1798 est.

133 1835 167 1892 2⁰
187 1831 314 1894 Poterat
333 1849 409 1893 vero
433 1833 528 1894 homo
548 1829 708 1911 provideri
730 1832 769 1895 de
791 1833 851 1898 hoc
871 1832 1028 1913 adjutorio

88 1944 152 2007 per
165 1927 357 1989 creationem
371 1928 501 1991 alterius
514 1928 584 1989 viri.
601 1929 643 1990 At
658 1947 722 1992 non
739 1929 805 2003 ita3
825 1933 909 1992 Dens
928 1931 960 1992 in
974 1930 1029 1990 ed-

85 2022 245 2105 jutorium
267 2024 337 2102 viri,
363 2031 452 2087 creat
473 2024 652 2098 loeminam;
676 2025 760 2087 unde
784 2026 878 2089 datur
897 2026 1030 2106 intelligi

89 2116 175 2177 alter
192 2133 318 2195 scopus,
339 2119 386 2179 ein
406 2119 511 2179 minus
530 2117 691 2196 primario,
711 2119 824 2180 saltam
842 2119 1028 2180 secundario

88 2211 232 2272 intentus
244 2230 251 2271 :
264 2210 388 2272 sobolis
402 2210 578 2290 procreatio
588 2229 660 2292 quae
673 2211 833 2274 desiderat
845 2212 1028 2275 societatem

89 2305 176 2368 inter
188 2310 357 2388 utrumque
372 2325 492 2371 sexum.
508 2307 613 2368 Adam
627 2307 711 2369 enim
724 2308 803 2371 dixit
822 2330 830 2370 :
852 2309 956 2370 Erunt
970 2307 1029 2370 duo

89 2403 125 2463 in
137 2421 227 2464 carae
239 2423 299 2465 aaa
314 2405 335 2466 ¹.

131 2501 179 2560 Ex
198 2501 259 2562 hoc
272 2502 475 2582 consequitur
494 2501 634 2563 officinm
652 2502 824 2583 conjugum
845 2503 1030 2585 impenden-

91 2596 170 2656 dum
184 2611 243 2673 pro
257 2596 390 2674 physica
403 2600 436 2658 ct
449 2597 560 2657 morali
573 2597 711 2658 filiarum
725 2597 930 2660 institutione.
943 2597 1028 2675 Phy-

90 2687 190 2748 sica:
216 2687 258 2748 ob
285 2689 463 2749 naturalem
489 2688 626 2750 hominis
652 2690 809 2752 nascentis
836 2693 1026 2770 egestatem,

89 2799 189 2863 quam
203 2801 277 2845 cum
291 2784 448 2846 nonnullis
462 2784 676 2847 animantibus
694 2787 791 2848 habet
805 2803 1024 2858 communem

123 2997 133 3031 ¹
149 2999 269 3049 Crescite
284 3001 311 3048 et
324 2998 559 3064 multiplicemini,
572 3001 600 3048 et
613 2999 715 3063 replete
730 3003 839 3048 terrem.
858 2997 1027 3061 decumbe,

90 3078 194 3128 omissa
208 3077 354 3140 questione
367 3089 403 3126 an
412 3079 468 3128 sint
483 3081 659 3142 praeceptive,
672 3079 715 3129 vel
725 3091 781 3127 non
790 3094 797 3136 ς
806 3078 949 3128 caruerint
962 3091 1028 3141 prae·

90 3157 201 3220 captiva
211 3168 261 3220 pro
275 3158 365 3220 primo
375 3155 515 3208 connuhio
529 3161 557 3208 et
570 3157 668 3222 primis
680 3156 735 3206 iliis
748 3153 918 3218 hominibus,
932 3169 969 3208 an
978 3172 1028 3223 pro

90 3236 223 3288 omnibus
237 3241 264 3288 et
278 3250 327 3301 pro
346 3236 475 3288 omnibus
489 3237 649 3297 connubiis;
664 3250 714 3300 pro
736 3235 865 3287 omnibus
882 3237 910 3285 in
926 3250 1027 3300 genere

91 3314 136 3364 vel
147 3326 199 3377 pro
211 3313 340 3364 omnibus
355 3315 384 3363 in
396 3315 500 3376 specie;
511 3314 555 3362 vel
563 3314 655 3377 potius
667 3313 723 3363 sint
736 3311 914 3363 fecunditatis
928 3314 1029 3378 imper·

91 3393 155 3442 titio
167 3396 195 3442 ot
207 3391 576 3444 benedictioiecundatarum
588 3393 756 3455 nuptiarum.
765 3393 874 3444 Etenim
884 3392 919 3442 ad
931 3395 1028 3443 emtore

91 3471 245 3522 animantia
260 3473 389 3534 precepti
403 3472 543 3534 incapacia
557 3472 661 3521 directa
674 3474 749 3522 sunt·
768 3473 878 3522 Cenum
894 3474 935 3522 eet
955 3469 1028 3536 quod

93 3563 120 3609 l⁰
136 3560 325 3610 demonstrent
339 3558 526 3610 intentionem
539 3559 689 3622 amatorio
704 3562 732 3610 2⁰
746 3560 812 3610 deut
822 3559 878 3624 jus.
