2442 4125
330 335 369 378 DE
389 333 517 381 cuncto
537 334 621 381 touls
641 334 798 381 canorum.
968 326 1027 388 269

144 593 149 600 .
210 536 221 581 n
234 528 267 573 11.
280 541 308 574 nn
320 541 399 574 rneru
411 539 546 574 onerantur
558 541 586 576 ιτ
599 540 814 576 unicorniorum
829 543 920 578 norun.

133 671 203 731 XX.
221 667 402 729 Distributio
418 667 540 728 dierum
555 667 588 728 in
602 669 830 741 hebdomadas,
840 672 945 751 prouti
956 692 1026 754 quae

76 768 133 829 ab
150 767 221 846 ipsa
240 764 349 826 mundi
371 766 528 827 creatione
546 765 673 828 videtur
693 768 847 847 originem
865 769 1024 850 habuisse,

77 865 132 924 ab
154 864 224 941 ipso
247 864 311 922 Deo
332 861 474 924 institute
497 867 527 924 et
551 865 676 925 servata
698 864 794 924 etiam
815 866 849 926 in
871 869 1027 946 computis

79 957 315 1021 ecelesiasticis
336 963 463 1037 recepta
484 964 541 1020 est.
563 957 627 1020 Sed
645 958 708 1050 alia
725 960 882 1023 dederunt
899 965 1027 1025 nomina

80 1055 210 1124 diebus¹
230 1053 373 1134 gentiles,
396 1054 458 1116 elio
477 1053 606 1132 hebrei,
630 1055 693 1116 alie
713 1057 886 1119 christiani.
912 1060 1027 1120 Gentes

80 1151 249 1210 vocarunt
269 1147 335 1209 dies
354 1165 374 1207 a
392 1151 517 1210 nomine
537 1148 682 1209 deornm.
702 1150 827 1212 Hebraei
849 1169 922 1212 eum
944 1153 1027 1214 inter

83 1263 205 1311 omues
229 1244 435 1306 hebdomadae
457 1245 524 1306 dies
554 1243 742 1307 celebrarint
768 1264 892 1308 eaerum
913 1250 1026 1311 eabba·

60 1346 163 1406 .tum
183 1358 244 1420 quo
268 1339 318 1401 die
346 1340 499 1420 requievit
518 1342 601 1401 Deus
629 1341 670 1401 eb
690 1359 786 1421 opere
807 1345 986 1421 creationis,
1007 1364 1028 1405 a

83 1439 226 1500 sabbato
250 1442 402 1500 vocarunt
424 1444 556 1500 caeteros
579 1439 647 1501 dieo
660 1440 797 1519 primam
814 1443 958 1519 sabbati,
974 1462 1027 1504 ee-

14 1561 16 1563 ·
84 1535 234 1598 cundem
248 1532 381 1595 sabbati.

135 1629 303 1694 Christiani
316 1647 391 1692 vero
411 1648 474 1692 non
493 1631 729 1694 sanctificarunt
745 1631 915 1693 sabbatum
929 1630 1024 1708 diem,

85 1728 242 1791 videlieet
255 1719 325 1807 quae
339 1729 421 1788 Deus
435 1729 590 1806 complete
608 1729 767 1788 creatione
786 1726 949 1806 requierit,
970 1727 1026 1788 sed

87 1826 230 1905 primam
252 1823 375 1884 sabbati
393 1842 456 1902 qua
478 1824 619 1886 Christus
632 1828 859 1886 consummato
878 1823 1025 1904 redemp-

87 1920 188 1983 tionis
203 1937 296 1998 opere
312 1921 492 1982 resurrexit.
507 1921 585 1981 Eam
600 1921 685 1981 diem
698 1919 830 2000 proinde
843 1918 1027 1981 immediate

85 2001 280 2095 'sequentem
307 2013 474 2076 sabbatum
498 2013 664 2096 judaicum
684 2019 719 2073 ut
741 2030 865 2074 sacram
887 2013 1028 2075 retinue-

89 2111 170 2171 runt
197 2108 377 2185 christiani,
411 2112 579 2189 propterea
609 2111 762 2186 tanquam
789 2105 874 2165 diem
902 2106 1028 2165 Domini

92 2206 241 2267 dixerunt
254 2204 460 2282 Dominicam,
485 2209 516 2268 et
536 2204 716 2266 habuerunt
735 2207 889 2282 tauquam
911 2202 1028 2282 princi-

92 2304 183 2383 pium
196 2301 415 2379 hebdomade,
438 2301 531 2363 sicuti
548 2301 674 2362 Hehraei
692 2300 890 2363 retinuerunt
912 2298 1027 2361 eabba-

37 2429 42 2435 ·
91 2406 174 2476 tum,
189 2403 359 2479 sequentes
372 2402 479 2461 autem
493 2397 560 2460 dies
573 2398 657 2461 inter
673 2396 862 2459 dominicam
878 2401 910 2461 et
927 2398 1027 2459 domi·

93 2498 200 2558 nicam
211 2496 341 2574 positos,
357 2512 416 2555 nec
431 2512 503 2555 oum
521 2494 669 2575 gentihus
687 2500 841 2558 vocarunt
861 2514 881 2557 a
899 2495 1026 2557 nomine

94 2593 240 2667 deorum,
261 2609 319 2653 neo
333 2609 405 2653 oum
423 2590 564 2667 Hebraeis
585 2592 732 2653 dixerunt
749 2592 895 2670 primam,
917 2608 1027 2650 necun-

97 2688 209 2749 dam...
239 2684 446 2761 adomiuioa3
468 2688 524 2748 sed
545 2691 668 2749 retenta
691 2685 849 2746 dominica
874 2690 1027 2762 tanquam

97 2786 199 2863 prima
212 2784 290 2845 feria
304 2802 367 2864 que
380 2787 444 2845 Deo
455 2784 632 2845 vacandum
641 2786 673 2845 et
682 2781 860 2843 feriandum
869 2779 921 2855 sit,
935 2781 1026 2839 eate-

98 2899 149 2943 ros
170 2880 316 2942 dixerunt
338 2882 526 2956 secundam,
549 2881 694 2957 tertiam,
722 2882 866 2959 quartem
889 2875 1023 2935 feriam:

16 2996 23 3010 ·
98 2972 205 3034 relicto
229 2974 368 3050 septimae
390 2972 475 3033 feriae
496 2972 621 3034 nomine
640 2971 764 3033 eahheti
790 2972 823 3030 in
840 2968 1027 3027 memoriam

99 3072 322 3131 consummata
337 3068 514 3131 creationis.
535 3088 549 3125 o
563 3069 669 3144 Nobis,
690 3067 795 3128 aiebat
817 3063 1028 3127 Tertullianus

99 3181 167 3241 cap.
188 3165 357 3224 vr11etxrv
373 3160 524 3223 adversus
538 3160 720 3239 Psychicos',
738 3158 827 3221 nobis
842 3155 943 3217 omnis
960 3154 1027 3216 dies

100 3258 192 3320 etiam
219 3258 349 3337 vulgata
371 3256 606 3319 consecratione
630 3256 823 3327 celebratum
850 3270 922 3313 oum
944 3253 1028 3313 enim

100 3354 262 3414 horrerent
279 3351 388 3412 fideles
407 3350 569 3413 nominare
589 3350 656 3411 dies
675 3369 694 3410 a
713 3348 772 3410 diis
790 3348 951 3429 gentium,
976 3347 1028 3409 vel

97 3446 222 3527 judaieo
237 3465 324 3508 more
346 3465 365 3507 a
385 3447 516 3509 sabbato
540 3447 686 3525 primam,
709 3448 742 3507 et
761 3443 934 3507 secundam
954 3444 1028 3505 sah-

100 3544 215 3607 boti....
239 3544 326 3605 idem
348 3562 386 3605 ac
403 3544 431 3605 ei
453 3542 610 3607 dominica
630 3542 710 3605 ferie
731 3542 835 3623 prime
856 3542 1024 3616 diceretur,

30 3632 51 3687 Ι
