2442 4125
184 301 244 362 226
393 309 623 357 rusrrrurroans
642 310 727 355 suars
748 309 904 356 carourcr.

185 458 234 518 vel
247 473 371 536 sponsae
386 455 506 516 scilicet
520 453 656 528 assistat,
668 452 792 515 etiarnsi
807 452 934 514 assistat
947 458 1047 517 extra
1061 474 1130 534 pre
1207 412 1208 479 1

185 553 285 629 priam
300 551 495 629 parochiam,
511 550 613 611 autin
631 549 737 610 aliena
756 548 852 610 etiarn
871 548 1031 625 dioecesi3
1057 569 1129 612 curn

184 649 252 710 hac
266 647 455 723 assistentia,
472 651 507 708 ut
521 645 653 722 dictam,
670 663 733 708 non
755 645 796 708 sit
815 649 906 706 actus
925 645 1128 726 jurisdictio-

184 743 243 818 nis,
259 741 371 804 saltem
385 740 444 801 fori
459 739 657 815 contentiosi,
674 741 728 819 qui
743 746 834 800 extra
852 741 1026 818 propriam
1050 742 1128 803 dioe-

185 839 281 900 casim
296 837 434 899 exerceri
449 855 511 898 non
526 837 640 914 possit;
659 837 822 914 probabile
835 841 945 899 tamen
962 841 1027 913 est,
1045 839 1128 918 quod

185 936 256 996 talis
279 934 435 1012 parochus
459 938 548 994 extra
570 932 733 1010 propriam
755 932 943 1010 parochiam
973 933 1131 996 assistens.
1209 954 1210 997 l

184 1029 395 1105 matrimonio,
411 1030 438 1090 si
452 1029 635 1090 solemniter
651 1027 778 1089 assistat
796 1027 865 1088 sine
886 1028 1025 1089 licentia
1047 1028 1126 1090 ordi·
1209 1010 1210 1037 ¹

184 1129 275 1204 narii,
292 1128 342 1188 vel
356 1128 487 1205 parochi
502 1128 573 1204 loci,
589 1131 712 1206 peccet,
728 1132 761 1189 et
774 1127 879 1206 puniri
895 1126 1011 1206 possit,
1030 1145 1125 1206 prop

184 1231 232 1288 ter
246 1224 441 1303 scandalum,
459 1224 543 1306 quod
558 1228 663 1303 potest
683 1224 772 1301 dare,
797 1224 972 1286 involando
998 1226 1033 1286 in
1059 1226 1125 1287 offl-

183 1321 268 1382 cium
282 1320 422 1382 alterius.
1210 1358 1211 1363 κ

224 1418 273 1480 Ad
288 1416 414 1479 tertiam
428 1417 636 1497 quaeationem
650 1417 744 1480 etiam
754 1417 823 1498 J'am
836 1435 1045 1496 responsum,
1061 1436 1122 1479 mc

184 1513 285 1574 ralem
298 1515 330 1574 et
345 1513 515 1572 humanam
531 1512 648 1572 debere
663 1528 731 1572 esse
748 1512 951 1590 presentiam
975 1513 1118 1590 parochi,
1211 1576 1212 1593 χ

184 1613 216 1670 et
228 1610 356 1672 testium
369 1608 402 1668 in
418 1627 490 1670 casu
506 1607 602 1668 validi
616 1607 818 1684 matrimonii,
830 1607 1118 1683 utsciantseilicet,
1211 1600 1212 1611 ³

184 1709 215 1766 et
229 1705 407 1778 advertant,
425 1702 500 1780 quid
515 1706 640 1781 agatur,
656 1703 723 1764 sive
737 1721 813 1764 casu
833 1707 959 1765 tantum
981 1705 1118 1766 interve-

183 1798 298 1873 nerint,
315 1799 381 1858 sive
395 1797 548 1873 volentes,
572 1798 638 1860 sive
661 1797 749 1859 inviti
772 1798 932 1874 intersint,
955 1799 1027 1860 sive
1049 1816 1118 1878 pro
1212 1788 1213 1849 ἶ

183 1894 253 1972 prio
268 1912 363 1955 sensu
378 1893 450 1970 boc,
467 1893 551 1974 quod
566 1894 683 1972 agitur,
704 1894 880 1968 advertant,
902 1894 972 1954 sive
993 1913 1054 1973 per
1072 1896 1116 1956 in·

183 1995 354 2072 terpretem
367 1990 555 2073 intelligant,
568 1991 613 2052 ita
626 1994 662 2052 ut
675 2007 738 2051 non
753 1990 888 2051 sufficiat
900 1989 971 2051 sola
985 1991 1116 2071 physica

182 2090 448 2171 presentiaque
463 2088 541 2149 nihil
555 2105 676 2162 eorum,
701 2105 771 2166 quae
791 2092 941 2166 aguntur,
967 2088 1113 2162 advertit,

183 2202 285 2264 neque
301 2188 385 2247 enim
398 2185 514 2265 injure
529 2187 675 2245 censetur
688 2202 839 2262 praesens,
864 2185 920 2263 qui
940 2202 1006 2245 non
1027 2184 1115 2246 adest

182 2298 270 2341 more
286 2281 424 2342 humano
439 2280 628 2361 intelligens,
645 2279 694 2339 vel
708 2278 851 2340 indicans
865 2280 942 2359 quid
955 2281 1024 2341 fiat.

222 2376 298 2433 Duae
313 2374 511 2451 potissimum
524 2392 619 2455 poenoe
631 2376 706 2435 sunt
714 2374 904 2436 matrimonii
914 2374 1112 2437 clandestini.

181 2467 287 2529 Prima
315 2471 373 2541 est,
403 2471 489 2548 quod
515 2470 570 2531 filii
599 2488 638 2531 ex
665 2486 702 2530 eo
729 2469 829 2549 geniti
855 2470 918 2531 siut
946 2470 1111 2552 illegitimi,

182 2566 325 2647 quamvis
343 2566 428 2627 bona
446 2568 519 2644 lide,
542 2568 723 2647 ignorantes
742 2566 791 2627 sui
809 2567 1006 2628 matrimonii
1027 2569 1111 2630 nulli·

179 2667 287 2739 tatem,
304 2666 450 2743 parentes
464 2661 689 2737 contraxerint,
705 2662 779 2722 lieet
792 2663 876 2723 enim
893 2662 929 2723 in
947 2663 1020 2725 aliis
1038 2663 1112 2725 oasi-

180 2761 250 2836 bus,
271 2759 324 2820 ubi
346 2751 475 2839 propter
495 2758 758 2838 impedimentum
779 2757 930 2818 dirimens
951 2762 1112 2822 matrimo-

180 2854 278 2929 nium,
293 2852 432 2915 invalide
447 2851 586 2931 quidem,
609 2852 694 2913 bona
714 2856 820 2914 tamen
841 2851 905 2912 fide
926 2854 1109 2933 conjugum,

179 2956 234 3013 aut
257 2950 348 3012 unius
372 2948 534 3029 conjugis,
560 2966 653 3009 suum
681 2947 943 3026 impedimentum
966 2949 1111 3029 ignoran-

178 3047 268 3123 tium,
284 3045 454 3126 praemissis
467 3048 574 3105 tamen
589 3044 890 3120 denuntiationibus,
913 3047 1110 3107 contractum

178 3144 246 3221 luit,
263 3146 354 3207 liberi
368 3166 406 3207 ex
420 3144 475 3207 tali
490 3144 691 3206 matrimonio
706 3144 805 3224 geniti
822 3142 955 3223 legitimi
974 3144 1109 3206 habean-

178 3240 240 3311 tur,
256 3236 288 3294 in
303 3237 445 3300 favorem
467 3236 559 3299 bouae
580 3236 666 3314 fidei,
688 3235 780 3316 juxte
802 3254 830 3297 c.
855 3238 902 3297 lix
924 3242 1038 3300 tenore
1062 3242 1106 3299 ll.

179 3330 236 3404 Qui
248 3329 309 3409 filii
321 3332 381 3392 sint
394 3332 526 3411 legitimi.
550 3333 584 3411 ln
600 3349 675 3393 casu
689 3338 809 3411 tamen,
831 3350 893 3413 quo
915 3333 1106 3394 clandestine

178 3426 373 3485 contractum
400 3425 459 3486 fuit
487 3426 623 3502 (omissis
654 3427 774 3489 scilieet
805 3426 1104 3503 denuntiationibus)

178 3518 268 3575 favor
286 3516 337 3573 hie
360 3533 424 3574 uon
447 3521 629 3581 conceditur
652 3522 758 3582 liberis
781 3541 821 3584 ex
843 3541 882 3583 eo
904 3524 1103 3587 matrimonio
