2442 4125
199 313 260 372 340
407 319 636 369 rusurrmroues
656 318 739 363 rums
761 314 917 363 cruorum.

239 470 423 532 Lomtiones
444 464 615 548 aliquando
639 463 824 524 scinduntur
846 462 946 521 morte
969 459 1053 521 illius
1076 459 1134 539 qui

199 566 324 644 locavit,
348 564 517 645 aliquando
541 581 615 639 non,
637 562 729 643 juxta
750 558 836 639 qnod
858 556 1070 637 pertinuerint
1089 554 1132 616 ad

199 681 341 725 mensam
354 662 535 724 Beneficiati
544 659 594 721 vel
608 659 650 720 ad
663 656 845 733 Ecclesiam.

239 760 420 821 Notandum
437 762 485 821 est
504 759 659 837 praterea
677 773 739 816 uon
758 770 849 832 posse
868 750 1039 828 anticipate
1056 767 1133 829 pen-

199 854 302 915 siones
320 852 438 931 percipi
450 870 471 912 a
483 851 669 912 beneficiato
688 852 857 927 autequam
875 845 983 908 veniat
1001 845 1070 906 dies
1083 861 1132 905 so

198 950 336 1024 lationis,
352 965 411 1009 nec
424 947 522 1010 locari
535 945 576 1008 ad
589 945 688 1008 vitam
701 962 758 1024 pro
772 946 859 1005 certa
872 940 1021 1003 mercede
1035 958 1133 1019 quam

199 1059 264 1102 nna
285 1041 354 1101 vice
376 1040 543 1119 accipient,
559 1039 634 1119 quia
655 1038 729 1100 licet
742 1036 967 1097 detrimentum
980 1034 1131 1096 Ecclesiae

199 1136 249 1198 vel
268 1137 457 1198 successoris
478 1141 674 1211 amoveatur,
699 1132 835 1213 dignitas
853 1135 960 1193 tamen
975 1129 1132 1191 clericulis

199 1230 317 1291 ordinis
329 1230 364 1290 in
378 1229 546 1291 discrimen
560 1228 739 1290 adducitur.

238 1325 289 1384 VI.
307 1322 374 1384 Sub
395 1322 563 1384 interdicto
586 1324 626 1383 de
648 1341 711 1385 uon
730 1318 905 1382 alienandis
924 1318 1017 1379 honis
1032 1318 1131 1379 eccle-

197 1419 331 1482 siasticis
344 1417 463 1479 cadunt
476 1417 571 1478 etiam
584 1416 779 1497 emphyteusis
789 1420 821 1478 et
827 1413 999 1495 infeudatio,
1013 1416 1132 1494 qnippe

199 1519 232 1580 hi
254 1517 432 1579 contractus
456 1532 494 1574 ex
516 1512 624 1593 aliqua
645 1516 734 1592 parte
758 1513 948 1591 emptionem
970 1514 1003 1572 et
1023 1510 1132 1573 vendi-

198 1614 327 1688 tionem,
357 1630 396 1673 ιιι
424 1610 485 1671 alia
512 1627 587 1673 vero
609 1609 798 1672 locationem
825 1614 857 1670 et
885 1607 1131 1670 conductionem

197 1710 314 1771 imitari
327 1708 485 1771 videntur.

237 1800 459 1879 Emphyteusis
473 1801 568 1862 estab
576 1800 766 1879 emphyteuo
776 1814 832 1861 seu
843 1799 883 1861 ab
893 1820 1034 1869 εμφυτευειν
1045 1798 1129 1878 quod

197 1904 246 1959 est
267 1896 464 1976 implentem,
493 1898 662 1959 inserere:
693 1897 737 1958 sic
758 1897 912 1977 principio
941 1896 1129 1959 dicebantur

197 1993 265 2075 agri
279 1992 401 2056 steriles
414 1997 446 2057 et
459 1993 569 2055 inculti
582 1995 615 2054 et
628 1993 774 2055 colonum
787 2011 850 2055 nou
865 1993 1060 2074 reperientes
1075 1990 1127 2073 qui

197 2087 480 2150 concedebantnra
493 2089 628 2150 dominis
643 2087 814 2149 cultoribus
828 2088 887 2148 snb
901 2087 1036 2150 modicae
1051 2103 1129 2166 pen-

196 2185 292 2247 sionis
306 2185 387 2264 lege‚
405 2189 439 2245 ut
456 2183 649 2263 plantatione
665 2183 804 2246 utiliores
825 2183 1044 2245 redderentur.
1062 2181 1127 2243 Mos

196 2281 310 2342 deinde
333 2280 465 2343 invaluit
484 2280 623 2343 loecundi
647 2282 743 2342 etiam
763 2281 832 2360 agri
855 2281 931 2360 quin
950 2282 982 2343 et
1004 2277 1127 2340 urbana

195 2375 315 2455 pradia
336 2376 387 2438 vel
410 2381 444 2438 ut
464 2377 569 2439 diruta
585 2376 866 2453 reaedificarentur,
881 2377 931 2438 vel
952 2379 988 2438 ut
1007 2378 1040 2438 in
1061 2393 1126 2436 me·

194 2472 305 2532 liorem
325 2473 442 2532 statum
463 2472 691 2552 redigerentur,
715 2475 747 2535 in
763 2472 1123 2553 emphyteusimconce-

195 2568 355 2629 durentur.

234 2666 291 2727 Hic
314 2669 494 2728 contractus
513 2685 551 2727 ex
574 2685 638 2729 uuo
658 2668 768 2745 latere,
786 2673 821 2729 ut
833 2667 1027 2747 inquiebam,
1044 2667 1125 2745 sapit

193 2761 383 2825 locationem
402 2767 448 2825 -et
475 2763 729 2842 conductionem,
759 2765 924 2844 quianon
952 2764 1125 2824 commutat

194 2876 261 2920 rem
274 2859 387 2937 pretio,
404 2858 460 2920 sed
475 2877 567 2921 usum
586 2860 633 2920 rei
655 2859 798 2922 coneedit
821 2862 938 2922 statuta
959 2857 1122 2938 pensione.

194 2957 239 3015 lix
259 2954 321 3016 alia
339 2960 427 3033 parte
447 2973 521 3016 vero
536 2955 758 3018 alienationem
772 2974 828 3018 seu
843 2956 1035 3034 emptionem
1048 2971 1124 3014 ven·

192 3051 344 3112 ditionem
356 3050 507 3127 imitatur,
524 3052 599 3132 qnia
612 3052 720 3131 pensio
731 3051 865 3133 illaquae
880 3068 981 3112 canon
996 3048 1123 3124 dicitur,

192 3164 255 3209 uon
270 3147 363 3208 datur
375 3165 433 3225 pro
448 3149 551 3209 truotu
565 3150 597 3210 et
610 3167 669 3210 usu
683 3157 835 3230 tauquam
845 3164 976 3223 merces,
989 3145 1046 3206 sed
1056 3147 1123 3206 ten-

191 3259 287 3320 quam
302 3243 488 3324 obsequium
502 3244 534 3305 iu
549 3245 742 3324 agnitionem
756 3243 875 3307 domiui
888 3241 1120 3322 praetendam

159 3372 162 3377 -
191 3355 250 3397 uec
268 3339 370 3400 solum
391 3340 437 3401 rei
457 3358 532 3402 usus
551 3343 745 3420 conceditur,
769 3341 825 3403 sed
846 3343 878 3402 et
897 3338 1031 3400 facultas
1054 3355 1121 3398 rem

191 3436 341 3509 tauquam
362 3454 451 3497 suam
475 3439 624 3515 habendi,
648 3438 846 3516 immutandi,
870 3435 1029 3498 alienandi
1049 3452 1119 3495 con-

190 3525 322 3601 ceditur,
347 3528 392 3588 ita
418 3533 567 3592 etunius
591 3534 796 3614 ejusdemque
819 3534 864 3595 rei
893 3530 1067 3595 dominium
1087 3530 1118 3589 iu
