2442 4125
321 355 358 401 nn
380 354 508 401 opsecro
528 353 612 401 renis
633 354 790 402 cessares.
985 342 1026 403 29

88 508 125 563 nt
152 502 213 579 ipsi
235 516 326 561 suam
346 499 544 561 advocatiam
571 500 758 579 promptiori
779 500 885 563 animo
904 500 1024 564 trdus-

87 596 170 655 rent.

128 692 174 751 lle
190 696 318 768 tempore
331 704 406 750 vero
422 705 485 768 qno
503 686 663 766 baptisma
679 686 907 751 eonferendum
925 695 1020 770 esset,

87 784 162 845 licet
175 782 318 844 Ecclesia
331 800 402 844 curn
418 784 504 865 justa
521 783 554 843 id
576 800 673 845 causa
691 784 876 864 postularet,
899 787 1021 849 nullum

87 882 213 958 tempus
228 879 360 942 exclusit
377 898 397 941 a
413 879 613 959 baptismatis
630 879 913 959 administratione,
939 886 1022 945 atta·

87 994 161 1036 men
176 975 217 1037 ob
231 974 399 1055 specialem
418 975 641 1037 nonnullorum
657 974 808 1037 festorum
826 977 945 1039 cultum
963 996 1021 1040 vo·

87 1074 146 1135 luit
160 1078 195 1133 ut
208 1072 268 1133 illis
288 1071 398 1133 diebus
415 1071 613 1149 baptismatis
630 1071 859 1136 administratio
877 1090 1020 1135 reserva·

85 1174 183 1229 retur.
201 1170 241 1227 llt
254 1166 382 1247 quidem
397 1186 417 1229 a
429 1166 640 1229 remotissima
652 1167 838 1248 antiquitate
851 1171 884 1230 et
893 1168 1020 1249 jamdu-

85 1266 197 1327 dume
217 1264 356 1325 seeundo
377 1263 427 1325 vel
448 1264 540 1326 tertio
562 1264 608 1324 rei
630 1263 810 1325 christiana
833 1266 959 1343 seculo,
985 1266 1018 1327 id

83 1361 205 1441 placuit
217 1361 286 1421 fieri
301 1359 424 1423 duobus
444 1359 531 1422 festis
552 1359 585 1421 in
605 1358 720 1439 quibus
739 1360 879 1423 Ecclesia
897 1379 1020 1426 menno·

82 1460 165 1521 mam
181 1457 320 1519 celebrat
334 1476 442 1518 eornm
457 1457 680 1538 mysteriorum
701 1474 772 1538 qua
790 1457 919 1537 speciali
938 1476 1019 1539 qno·

83 1556 158 1615 darn
186 1571 270 1613 nexu
293 1570 366 1613 cum
388 1553 536 1615 Ecclesiae
559 1552 743 1615 fundatione
766 1556 841 1615 sunt
862 1570 1015 1631 connexa,

81 1649 232 1713 videlicet
245 1648 358 1729 vigihis
373 1650 622 1712 Resurrectionis
642 1652 675 1711 et
691 1651 903 1711 Pentecosten.
924 1649 1016 1731 Hisce

80 1748 170 1809 festis
186 1746 271 1824 apud
285 1746 452 1807 nonnullas
467 1746 615 1807 ecclesias
629 1744 762 1806 accessit
779 1743 957 1824 Epiphania
974 1746 1015 1806 ob

80 1844 268 1913 memoriam
283 1842 344 1902 diei
358 1860 421 1921 qno
436 1842 550 1903 Christi
563 1840 756 1919 baptismum
770 1840 803 1900 in
816 1840 955 1902 Jordane
965 1858 1017 1901 cs·

79 1941 184 2001 lebret
198 1939 355 2011 Ecclesia3
373 1937 445 1999 inde
460 1954 518 2015 pro
532 1936 629 1997 variis
642 1935 846 1997 ecelesiarum
860 1936 1012 2011 moribus,

80 2040 113 2095 et
135 2033 203 2094 dies
228 2032 351 2109 natalis,
377 2034 409 2094 et
435 2030 515 2092 festa
543 2029 756 2109 apostolorum
783 2032 816 2090 et
837 2031 1015 2106 martyrum

80 2133 292 2192 accesserunt.
309 2129 447 2191 Cedente
461 2126 736 2200 catechumenatu,
752 2123 912 2184 ordinaria
930 2123 1015 2185 facta

80 2225 131 2283 est
144 2225 177 2282 et
190 2221 373 2300 quotidiana
385 2220 582 2300 baptismatis
596 2218 733 2280 collatio.
757 2219 867 2281 Solum
888 2221 928 2282 ad
949 2239 1014 2283 me·

79 2318 216 2378 moriam
230 2320 360 2378 vetustae
382 2317 565 2396 disciplinae,
580 2315 664 2377 illius
683 2318 826 2378 remanet
845 2317 1035 2399 vestigium*

77 2415 110 2474 in
125 2413 239 2473 ritibus
258 2413 357 2491 quiin
371 2412 510 2473 sabbatis
531 2415 604 2474 ante
626 2411 747 2472 Pascha
760 2414 793 2474 et
806 2413 1013 2473 Pentecosten

78 2529 116 2572 ac
125 2529 185 2590 per
194 2512 276 2571 totas
286 2509 400 2570 harum
414 2510 649 2571 solemnitatum
664 2513 791 2571 octavas
804 2515 1010 2590 peraguntur,

79 2610 110 2666 et
125 2611 160 2668 ut
175 2606 305 2684 antiqua
318 2605 482 2685 disciplina
496 2605 601 2685 quoad
619 2605 799 2684 baptizandi
817 2610 943 2685 tempus
957 2603 1013 2666 all·

79 2719 143 2781 que
158 2701 253 2763 modo
268 2705 420 2778 servetur,
434 2705 561 2780 exoptat
575 2701 698 2763 Rituale
713 2719 880 2763 romanum
894 2705 926 2760 et
939 2716 1013 2761 cou-

79 2799 187 2860 cilium
209 2800 387 2859 Romanum
401 2798 460 2858 sub
474 2798 644 2860 Benedicto
663 2800 745 2874 Xlll,
761 2803 797 2858 ut
818 2799 885 2859 haec
905 2796 1011 2874 praxis

77 2895 108 2952 in
130 2893 278 2954 Ecclesiis
298 2893 474 2970 praesertim
495 2892 728 2953 cathedralibus
748 2895 902 2951 servetur.
920 2889 1010 2950 Unde

78 2987 159 3047 solet
182 2989 279 3048 etiam
302 2987 395 3048 hodie
419 2987 601 3066 frequenter
627 2986 801 3064 baptismus
828 2984 1011 3062 adultorum

77 3081 219 3143 sabbatis
239 3083 408 3161 praedictis,
426 3087 457 3144 et
476 3083 618 3162 praecipit
645 3080 863 3142 caeremoniale
891 3081 1012 3159 episco-

78 3195 192 3254 porum
206 3183 242 3237 ut
255 3195 312 3255 per
326 3180 395 3239 octo
411 3177 563 3239 diesante
577 3176 700 3237 Pascha
714 3177 746 3236 et
759 3177 964 3238 Pentecosten
978 3175 1012 3236 in

78 3272 137 3333 illis
152 3273 304 3350 ecelesiis,
321 3275 379 3336 nisi
398 3274 572 3353 periculum
592 3272 766 3349 immineat,
783 3271 887 3333 nullus
905 3269 1010 3332 inians

78 3367 267 3447 baptizetur.
