2442 4125
357 326 396 372 nn
417 326 545 373 onlnem
565 326 648 373 sunus
669 326 825 373 cenentur.
1035 314 1056 373 e

121 472 319 535 ordinantur.
331 472 406 550 llaee
420 472 526 531 eutem
540 468 665 531 interne
674 472 706 531 et
718 486 836 531 ereenu
849 472 1002 550 operatio,
1013 472 1056 533 ed

120 581 218 645 quum
241 566 441 625 suerumentn
463 560 622 623 ordinarie
644 562 825 625 referuntur
846 563 879 623 in
901 564 1053 640 Ecclesia,

118 659 252 721 humani
267 663 314 721 est
328 658 456 737 spiritus
470 656 688 721 sanctificatio.
704 658 795 722 Unde
815 659 876 721 diei
893 660 1057 725 consuevit

118 761 356 819 sacramentum
370 752 534 814 invisibilis
548 755 659 834 grstiae
678 754 800 817 visibile
818 754 943 837 signum
961 758 1056 820 inter-

119 870 172 914 nae
188 855 219 913 et
232 849 396 912 invisibilis
411 850 667 912 senetilleatienis
681 855 806 913 nestroe.

164 946 227 1009 Sed
241 945 355 1007 herum
369 946 543 1025 signorum,
561 948 675 1008 hurum
688 947 817 1025 rituum,
830 947 944 1028 quibus
958 948 1057 1009 ebun-

120 1044 179 1106 dnt
202 1042 425 1105 eaeremenielis
450 1042 597 1105 Ecclesiae
622 1044 797 1123 disciplina,
823 1063 886 1106 nun
908 1063 989 1107 unus
1010 1051 1057 1109 est

78 1176 84 1184 -
119 1138 263 1201 emnium
277 1144 398 1214 auctor,
411 1155 471 1199 nen
488 1157 552 1200 une
566 1140 707 1200 omnium
716 1140 775 1217 vis,
787 1140 932 1202 esurites
946 1147 977 1202 et
991 1142 1057 1205 elfi-

118 1235 220 1297 eseie.
237 1237 379 1313 Namque
399 1234 476 1295 elios
495 1234 596 1299 eredit
613 1236 754 1298 lleelesie
774 1236 931 1298 Christum
952 1238 1057 1317 ipsum

118 1332 283 1391 aucturum
294 1328 454 1405 habuisse,
466 1330 544 1391 elius
559 1348 635 1392 vero
650 1332 895 1394 ecelesiasticam
908 1332 1056 1395 hebnisse

118 1423 369 1497 institutionem
392 1423 461 1485 illes
480 1424 521 1485 sd
536 1424 737 1488 efficientiam
750 1424 860 1505 gretiae
875 1432 908 1486 et
920 1424 1056 1487 senetill·

118 1519 254 1583 nationis
274 1522 388 1581 nestrae
407 1520 452 1580 sie
471 1520 621 1597 ordinari,
638 1524 673 1582 ut
692 1521 721 1581 vi
741 1520 799 1583 sibi
818 1520 918 1583 indite
930 1520 1058 1585 vnlennt

118 1632 195 1677 eam
217 1615 411 1693 prudueere;
437 1616 495 1677 hes
518 1634 593 1679 vero
615 1619 739 1679 tuntum
759 1616 865 1678 velere
886 1634 978 1695 pesse
999 1635 1056 1696 pre

116 1708 184 1771 fide
200 1715 231 1770 et
246 1708 361 1789 pietate
377 1710 525 1774 lleelesiae
544 1729 615 1790 quae
635 1712 713 1773 ritus
732 1712 861 1773 eosdem
877 1711 1011 1775 instituit
1025 1714 1057 1772 et

117 1804 320 1885 frequentet,
342 1806 378 1866 'et
401 1824 457 1885 pro
486 1807 642 1869 utentium
671 1806 786 1886 pietete
814 1811 846 1870 et
873 1808 1052 1870 devotione.

119 1902 226 1973 Quare
247 1906 282 1961 ut
301 1919 364 1963 una
382 1901 502 1981 speeies
522 1906 791 1963 sacramentorum
810 1903 851 1964 ab
870 1903 932 1963 elie
946 1903 1057 1965 distin·

118 1999 283 2076 gueretur,
301 1997 434 2059 invaluit
450 2002 592 2076 tempere
613 1998 872 2062 sehelustieorum
892 2003 927 2061 ut
948 2000 1056 2078 primis

119 2090 184 2150 illis
198 2091 428 2172 relinqueretur
443 2110 558 2154 numen
574 2098 861 2165 sacramentorum
882 2095 951 2154 haee
967 2112 1054 2171 veru,

119 2187 363 2267 perunelogiem
372 2191 516 2269 quemad
526 2191 868 2266 seeramentuservent‚
877 2189 1056 2252 dicerentur

118 2285 372 2346 sacramentalis.
388 2285 491 2348 Genus
504 2286 602 2366 igitur
615 2290 885 2347 sacramentorum
893 2286 1056 2366 distingui·

117 2377 229 2440 turin
252 2389 433 2442 sacramenta
457 2383 718 2460 antonomastiee‚
742 2382 849 2444 strietu
874 2387 907 2444 et
927 2383 1055 2463 speeiuli

116 2471 216 2534 sensu
230 2478 365 2554 sumpte,
383 2495 453 2556 quae
474 2477 633 2540 Christum
652 2478 771 2540 hebent
787 2485 962 2556 nneterem,
979 2481 1055 2540 etri

116 2569 181 2631 sibi
200 2570 300 2632 indite
313 2572 420 2633 velent
439 2574 601 2636 huminum
620 2575 901 2636 sanctificationem
918 2574 1053 2654 operari,

117 2672 155 2727 et
167 2665 199 2726 in
209 2668 433 2730 sunumentalia
443 2688 513 2749 quae
524 2670 696 2730 lleelesinm
707 2671 825 2731 hubent
836 2669 1056 2731 institutrieem

117 2763 164 2838 et,
181 2761 283 2823 selum
297 2764 432 2842 preflde
446 2765 593 2827 lleelesiae
608 2765 798 2828 instituentis
817 2769 848 2828 et
866 2783 924 2844 pru
939 2765 1055 2844 pietate

115 2858 287 2935 utentium,
312 2860 459 2920 elleetum
481 2861 591 2941 gretiae
616 2865 647 2923 et
671 2863 928 2923 senetitleetienis
950 2861 1057 2922 valent

115 2957 301 3033 impetrare.
315 2959 486 3036 Propterea
500 2959 561 3018 hoe
575 2961 670 3037 eaput
683 2958 716 3017 in
729 2964 794 3019 tres
804 2957 973 3018 dividimus
983 2958 1057 3018 erti-

118 3048 219 3123 eules,
236 3049 357 3128 priores
377 3051 417 3111 de
436 3053 641 3112 seerementis
660 3057 727 3111 tum
747 3050 779 3111 in
800 3068 917 3130 genere
938 3054 1004 3112 tum
1023 3051 1056 3111 in

118 3144 237 3221 speeie,
249 3147 377 3207 tertium
391 3147 431 3207 de
446 3147 738 3224 seerementelibus,
751 3149 804 3227 qui
818 3149 988 3211 constituet
1001 3166 1056 3208 re·

117 3238 178 3298 luti
194 3239 402 3317 appendicem
416 3241 456 3303 ed
470 3242 651 3321 generalem
665 3241 885 3303 treetutionem
899 3240 938 3303 de
952 3259 1056 3303 seers-

118 3333 246 3394 mentis·
