2442 4125
304 318 343 362 nn
363 316 494 363 oarrcro
512 316 597 363 rums
619 316 774 365 carorum.
949 308 1006 369 103

105 470 230 531 Verum
244 465 285 526 ob
299 463 345 525 rei
361 462 539 541 analogiam
553 460 671 540 placuit
684 462 832 527 Ecclesia
851 482 910 544 per
927 464 1006 527 ritus

52 546 314 630 sacramentales
337 558 378 619 ad
406 558 476 619 haec
499 557 673 619 ministeria
694 558 898 637 inaugurare.
917 562 1006 624 Sicut

53 664 153 725 illius
188 662 256 720 erat
291 654 502 717 determinare
537 656 569 715 et
587 652 751 716 instituere
779 654 864 718 huuc
895 658 1002 733 ritum,

51 761 107 821 ita
124 761 159 818 et
172 752 347 817 concedere
362 749 412 811 oui
432 749 528 811 vellet
545 749 630 811 illius
652 750 851 813 ministrandi
872 751 1005 815 faculta-

52 861 147 928 tem,
163 849 290 931 qnando
306 849 339 909 et
351 846 418 907 sive
439 845 500 906 hoc
520 844 583 907 ritu
604 849 738 925 poterat,
764 848 845 911 sicut
864 848 942 910 alios
963 848 1003 909 ad

53 952 140 1011 haec
158 943 333 1007 ministeria
353 941 490 1004 admittit
512 958 576 1003 non
596 942 768 1006 ordinatos.
792 946 838 1005 Ex
858 945 1004 1025 analogia

54 1059 141 1124 quaa
155 1037 337 1119 requirebat
349 1038 385 1097 ut
397 1034 450 1095 ille
464 1037 548 1096 esset
561 1036 849 1113 sacramentalium,
867 1038 920 1119 qui
935 1044 1003 1101 erat

55 1137 339 1199 sacramentorum
356 1129 501 1191 minister
523 1147 531 1191 :
552 1133 741 1194 sacramenti
759 1136 865 1195 autem
884 1135 1002 1196 ordinis

55 1232 211 1293 minister
225 1234 272 1290 est
286 1228 452 1307 episcopus
475 1246 483 1287 :
507 1244 583 1306 ergo
605 1226 753 1306 episcopo
775 1228 849 1292 data
869 1235 916 1292 est
935 1232 1002 1294 illo-

55 1345 138 1388 rum
173 1323 436 1385 conferendorum
471 1325 610 1400 potestas
645 1322 813 1393 ordinaria.
848 1326 1001 1389 Craterum

57 1442 166 1506 quum
181 1441 219 1483 ex
232 1420 295 1483 alia
307 1424 398 1499 parte
413 1420 564 1481 abbatum
577 1420 755 1485 benedictio
775 1426 807 1486 et
822 1423 1000 1505 jurisdictio

58 1535 269 1596 summopere
282 1517 424 1577 imitatur
436 1516 688 1578 benedictionem
703 1524 734 1579 et
753 1518 1000 1589 iurisdictionem

61 1615 290 1697 episcopalem,
303 1614 500 1675 coherenter
514 1613 640 1675 evenire
655 1613 771 1678 debant
785 1618 820 1678 ut
833 1615 1000 1679 abbatibus

56 1712 136 1775 talis
151 1710 284 1772 facultas
298 1708 558 1771 committeretur.

103 1807 168 1871 Ubi
183 1806 279 1867 etiam
291 1808 410 1881 notate,
427 1804 512 1884 quod
526 1804 568 1866 ob
581 1804 761 1886 analogiam
781 1807 862 1869 sicut
879 1807 1000 1886 episco-

58 1904 126 1984 pali
139 1902 317 1965 characteri
330 1902 375 1963 ita
389 1900 513 1961 adnexa
527 1904 575 1963 est
589 1902 730 1964 omnium
744 1904 891 1965 ordinum
905 1905 999 1966 colla·

57 2000 104 2062 tio
121 2003 157 2063 ut
170 1998 277 2062 valida
289 2015 415 2077 semper
429 1997 479 2074 sit,
496 1995 571 2058 licet
585 1996 755 2077 aliquando
775 1998 894 2076 illicita,
914 1999 959 2062 ita
979 2018 999 2062 a

58 2099 142 2177 pari,
173 2102 208 2160 ut
235 2097 331 2159 iidem
358 2097 479 2160 iaciunt
502 2095 600 2158 variae
624 2095 799 2157 decisiones
821 2098 998 2176 Ggrgtionis

59 2198 159 2258 Gono.
183 2213 262 2274 quas
284 2195 381 2256 refert
404 2192 560 2256 Giraldius
584 2191 625 2252 ad
649 2191 888 2254 illustrationem
911 2212 939 2255 c.
965 2212 995 2271 x,

59 2309 139 2353 sess.
157 2291 268 2367 xxm,
285 2289 385 2366 uria,
402 2292 564 2368 receptum
580 2287 705 2351 videtur
718 2292 752 2350 ut
765 2289 871 2351 valida
885 2289 925 2352 sit
938 2309 997 2352 uec

61 2391 197 2453 iteretur
211 2389 357 2451 ordinum
372 2388 508 2465 collatio,
519 2405 654 2468 quorum
668 2389 929 2453 conferendorum
943 2392 997 2452 ali-

60 2485 192 2566 qnando
208 2484 247 2546 de
258 2484 331 2565 jure
345 2484 555 2546 eeclesiastico
569 2485 653 2548 taeta
667 2488 714 2547 est
726 2489 865 2566 potestas
882 2507 889 2550 :
912 2489 997 2569 quod

60 2589 91 2644 et
104 2583 138 2644 in
153 2581 300 2644 omnibus
314 2580 592 2643 sacramentalibus
607 2582 686 2644 solet
699 2584 829 2645 servari.

98 2681 136 2740 In
151 2679 308 2740 sententia
322 2677 448 2739 illorum
470 2677 522 2756 qui
543 2677 652 2739 dieunt
672 2697 781 2739 omnes
802 2679 929 2740 ordines
947 2699 995 2740 sa-

60 2778 225 2834 cramenta
238 2790 318 2849 esse,
336 2769 471 2832 difficilis
484 2787 560 2832 saue
575 2776 658 2832 esset
671 2771 837 2849 explicatio
855 2792 861 2832 :
879 2790 938 2832 neo
952 2775 996 2834 vi·

59 2869 191 2932 deretur
214 2869 277 2930 alia
298 2867 351 2929 via
374 2884 469 2948 quam
491 2865 546 2927 illa
569 2865 734 2947 quateret
756 2865 926 2927 consimilis
948 2866 993 2928 illi

59 2983 158 3044 quam
171 2965 303 3027 terimus
319 2969 353 3028 ut
367 2962 559 3043 explicemus
574 2963 804 3043 delegationem
818 2961 859 3023 ad
879 2964 996 3023 contir-

57 3065 244 3127 mationcm.
741 3115 743 3120 .

96 3162 152 3221 IX.
170 3159 246 3220 Haec
261 3159 389 3238 quidem
398 3161 542 3239 spectant
556 3159 597 3219 ad
611 3157 749 3219 validam
764 3157 911 3220 ordinum
931 3161 996 3223 col·
1090 3201 1091 3204 =

55 3256 218 3320 lationem.
235 3257 316 3329 Quid
331 3257 371 3318 de
386 3255 492 3318 licita?
511 3258 545 3320 Si
563 3254 704 3316 omnium
723 3264 995 3321 sacramentorum

59 3352 236 3417 coenomia
250 3355 389 3434 episcopi
404 3371 487 3416 curae
501 3352 668 3416 commissa
682 3360 774 3431 esset,
787 3355 849 3416 hoo
862 3374 994 3435 praeser-

58 3450 112 3511 tim
127 3451 215 3533 quod
229 3468 295 3529 prae
314 3451 435 3512 caeteris
453 3450 596 3512 adhaeret
615 3450 738 3513 muneri
758 3453 939 3532 episcopali,
963 3453 995 3513 et

60 3564 118 3626 quo
145 3545 351 3628 magistratus
374 3545 576 3610 ecclesiastici
598 3552 757 3613 creantur.
788 3550 871 3628 Ergo
897 3565 989 3608 nemo
