2442 4125
150 258 213 326 '120
361 274 591 323 rusrrrorrouns
612 273 694 320 runis
716 274 871 322 cruorum.

153 399 256 487 nionis
268 420 398 497 laicalis,
415 419 480 481 sive
496 423 530 481 ut
544 419 756 498 agnosceretis
771 419 971 481 durationem
985 425 1092 484 status

154 517 267 596 quiex
287 513 484 592 baptismatis
506 512 705 590 susceptione
726 513 939 592 consequitur,
963 514 1003 574 de
1027 533 1091 595 quo

155 630 218 673 non
233 610 295 671 dixi
311 626 418 690 supra,
434 608 500 670 sive
515 607 610 668 etiam
632 606 672 666 ob
694 606 849 686 integram
867 610 1092 670 tractationem

156 709 195 770 de
219 706 385 769 duratione
407 708 507 766 status
528 703 692 764 clericalis.
716 702 803 764 Licet
823 702 908 762 enim
929 703 1091 766 ordinario

156 809 257 867 statos
275 801 429 864 clericalis
447 800 491 861 ite
513 800 674 860 minuatur
696 803 732 859 ut
754 816 818 859 non
840 798 968 860 tollatur
991 805 1094 863 status

157 900 335 961 christianes
350 896 589 972 communionis,
606 893 776 976 aliquando
790 912 865 955 vero
877 895 983 956 oblata
993 896 1093 956 chris·

157 997 245 1057 tiana
265 991 484 1052 communione
504 981 608 1070 potest
627 989 775 1070 implicite
795 990 863 1052 tolli
882 992 983 1052 status
1005 991 1096 1052 oleri-

158 1090 233 1150 calis
247 1086 334 1147 velut
348 1105 367 1146 a
381 1085 501 1148 fortiori
515 1085 557 1148 ad
570 1086 685 1162 minus,
707 1087 792 1166 quod
813 1087 845 1147 in
865 1103 941 1147 casu
962 1088 1093 1150 anathe-

158 1181 251 1242 matis
265 1180 388 1241 accidit.

198 1276 280 1337 xix.
297 1278 330 1335 2⁰
344 1274 389 1335 De
402 1273 562 1335 mutatione
574 1280 668 1335 status
686 1290 723 1334 ec
743 1273 891 1334 voluntate
910 1273 1091 1337 clericorum.

162 1406 203 1418 -
215 1373 282 1432 Hac
296 1371 329 1431 in
343 1389 377 1430 re
392 1388 455 1430 non
470 1387 636 1447 possumus
656 1369 742 1449 loqui
763 1369 801 1430 de
821 1370 992 1432 christiane
1010 1389 1094 1432 com-

160 1468 309 1529 munione
323 1465 464 1545 genernli
483 1459 553 1544 quae
572 1465 653 1525 laice
672 1464 801 1539 dieitur;
822 1465 891 1526 haec
910 1466 994 1526 enim
1012 1485 1093 1544 pree-

160 1565 285 1642 oeptiva
308 1569 367 1639 est,
397 1567 429 1621 et
455 1580 517 1623 non
540 1566 645 1639 potest
666 1561 827 1623 voluntate
850 1562 1093 1624 christianorum

163 1661 264 1720 minui
280 1680 287 1720 :
304 1665 367 1719 non
382 1658 475 1718 detur
488 1658 557 1718 haec
570 1657 710 1720 libertas.

201 1755 264 1814 Sed
285 1754 345 1815 hoc
369 1754 495 1814 evenire
518 1755 621 1831 potest
643 1752 747 1833 quoed
767 1760 883 1816 statum
905 1753 1091 1815 clericalem.

163 1850 230 1909 Hoc
243 1850 275 1909 in
290 1867 325 1908 re
341 1848 533 1928 distinguere
552 1853 676 1930 oportet
696 1853 811 1912 statum
833 1850 1017 1910 elericorum
1038 1849 1095 1910 mi-

161 1962 275 2005 norum
289 1963 309 2005 e
323 1946 407 2013 statu
422 1945 607 2007 elericorum
622 1941 794 2026 majorum3
816 1945 867 2007 ille
889 1947 972 2006 enim
993 1946 1095 2023 hypo-

160 2042 296 2105 theticus
315 2041 548 2123 quodammodo
571 2046 634 2114 est;
659 2041 709 2102 hio
731 2061 807 2103 vero
829 2042 1001 2104 absolutus.
1028 2042 1095 2103 Hoc

160 2142 248 2216 patet
262 2157 300 2199 ex
313 2138 389 2217 ipsis
403 2139 508 2199 verbis
522 2138 668 2216 Episcopi
683 2137 814 2201 dicentis
829 2139 869 2199 ad
880 2138 1091 2199 ordinandos:

166 2251 181 2287 u
195 2232 309 2290 Adhuc
331 2231 421 2290 liberi
446 2231 536 2301 estis3
561 2230 634 2290 lieet
657 2230 747 2291 vobis
770 2232 811 2292 ed
835 2232 998 2293 saecularie
1020 2236 1095 2293 vota

161 2325 307 2385 transire.
323 2345 338 2380 o
358 2324 449 2383 Unde
463 2324 588 2384 ridetur
601 2326 700 2385 status
713 2327 765 2387 ille
780 2328 950 2404 clericalis,
967 2328 1020 2407 qui
1036 2329 1096 2405 hy-

162 2416 341 2495 potheticus
360 2419 429 2475 erat
450 2417 483 2475 in
506 2417 679 2479 minoribus
703 2421 875 2498 ordinibus,
906 2442 921 2478 u
942 2421 1016 2483 licet
1038 2440 1096 2484 vo·

160 2516 219 2590 bis,
237 2519 311 2590 etc,
335 2536 349 2572 o
376 2515 510 2578 eredere
531 2516 694 2578 absolutus
714 2537 772 2596 per
791 2521 1021 2599 susceptionem
1045 2537 1096 2580 or-

161 2610 270 2671 dinum
293 2609 451 2691 majorum
476 2632 483 2672 :
513 2634 528 2670 u
551 2613 583 2697 Si
606 2614 691 2675 hunc
715 2608 857 2675 ordinem
880 2614 1091 2693 susceperitis,

160 2710 294 2788 amplius
309 2728 372 2771 non
386 2710 492 2772 licebit
505 2713 537 2772 et
551 2701 710 2792 proposito
725 2713 855 2790 resilire,
873 2713 928 2773 sed
943 2714 1020 2789 Deo,
1043 2712 1094 2773 cui

159 2809 276 2870 servire
290 2826 425 2889 regnare
440 2810 497 2884 est,
513 2810 665 2885 perpetuo
680 2807 823 2869 famulari
839 2808 1008 2887 oportebit,
1021 2809 1095 2898 etin

159 2905 306 2967 Ecclesiae
320 2904 491 2966 ministerio
506 2922 631 2982 semper
648 2904 694 2964 illi
711 2904 896 2983 mancipari.
917 2926 931 2962 o
955 2906 1021 2966 Hoc
1040 2923 1095 2983 po-

159 3000 230 3076 sito,
243 3000 393 3080 distingui
401 2999 496 3061 debet
505 3002 605 3060 status
616 2998 766 3059 clericalis
776 3000 982 3079 inauguratus
991 2999 1096 3078 prime

159 3096 409 3157 tonsureestetu
420 3096 557 3157 clericali
566 3096 769 3157 confirmatus
781 3096 1094 3157 ordinumminorum

160 3190 369 3267 susceptione.

199 3286 235 3344 In
256 3282 378 3344 seeundo
402 3304 489 3363 casu,
506 3304 619 3366 nempe
641 3287 666 3347 si
682 3286 786 3365 egitur
805 3286 845 3347 de
865 3286 976 3347 clericis
997 3284 1099 3364 mojo-

160 3377 251 3455 ritus,
267 3377 418 3442 nonlicet
432 3385 549 3443 statum
563 3383 708 3443 deserere
731 3382 835 3460 quoad
858 3382 972 3456 officia,
990 3387 1026 3442 ut
1040 3380 1096 3443 ali-

159 3473 286 3551 quando
306 3474 380 3535 licet
401 3475 558 3555 aliquibus
579 3478 704 3557 juribus
726 3478 820 3540 statui
844 3476 1096 3555 competentibus
