2442 4125
218 294 258 355 68
426 303 657 352 lbsrlrurwrtns
677 304 761 349 Junls
783 302 939 348 cssonlcr.

219 453 277 517 sub
292 457 425 531 utraque
440 449 544 528 specie
567 453 597 511 et
618 448 701 510 intra
721 447 888 509 Missamm
908 445 1156 507 celebrationem

219 547 415 611 Eucharistia
441 545 673 625 porrigebatur.
697 545 763 604 Hoc
783 544 880 605 fiebat
900 544 941 603 ad
966 541 1156 603 strictiorem
1211 547 1212 638 ζ

219 643 423 705 imitationem
443 640 645 703 institutionis
666 639 759 719 hujus
783 639 983 715 sacramenti,
1008 639 1069 698 sed
1094 658 1156 699 non
1211 645 1212 726 l

218 738 288 816 lege
302 733 509 809 necessitatis,
525 731 658 811 proinde
673 750 712 792 ex
726 732 789 793 alia
802 736 891 810 parte
905 732 1053 792 videmus
1064 750 1156 793 usum
1211 743 1212 816 l

219 830 401 894 asservandi
425 828 663 901 Eucharistiam,
678 828 729 890 vel
752 828 794 888 ad
816 828 1015 889 infirmorum
1037 830 1095 889 vel
1117 829 1155 889 ad

218 927 424 989 domesticam
452 924 706 987 communionem
735 944 743 984 ε
777 927 809 985 et
836 923 952 985 scimus
978 922 1154 984 Ecclesiam

219 1022 388 1083 credidisse
423 1040 521 1082 unum
555 1023 586 1082 et
612 1020 781 1082 indivisum
808 1021 968 1081 Christum
994 1021 1065 1080 sive
1099 1020 1153 1081 sub

218 1122 362 1197 utraque,
378 1118 443 1179 siva
463 1117 520 1179 sub
542 1117 731 1196 unaspecie
752 1116 916 1192 contineri,
941 1116 1081 1194 proinde
1103 1116 1153 1177 eli-

220 1214 344 1293 quando
361 1215 455 1277 etiam
468 1214 583 1276 licebat
596 1214 637 1275 ab
652 1231 715 1274 una
728 1213 832 1292 specie
842 1213 1000 1275 abstinere
1007 1211 1153 1292 jamtum

218 1330 237 1372 a
251 1308 360 1391 primis
375 1310 507 1387 saeculis,
524 1314 559 1371 ut
572 1312 659 1388 patet
672 1308 739 1369 sive
754 1327 792 1369 ex
807 1308 876 1369 aliis
895 1307 1067 1387 capitibus,
1091 1309 1153 1369 sive

219 1424 257 1468 ex
271 1405 491 1467 communione
506 1405 742 1467 abstemiorum.

257 1504 465 1583 Exceptiones
488 1503 578 1583 lapsu
600 1502 751 1581 temporis
771 1502 851 1563 fiunt
870 1499 1105 1580 frequentiores
1125 1505 1154 1562 ct

218 1600 395 1662 ordinariae.
423 1601 455 1661 S.
480 1598 585 1677 Gyrilli
605 1598 811 1675 temporibus,
834 1597 1005 1658 confluenti
1028 1614 1152 1677 magne

218 1696 412 1758 advenarum
425 1693 617 1756 multitudini
630 1692 858 1755 Eucharistiam
868 1692 1056 1769 deposcenti
1066 1698 1152 1752 extra

218 1792 344 1853 Missam
359 1789 450 1867 caepit
464 1787 675 1849 administrari
689 1788 903 1862 Eucharistia,
920 1806 1019 1866 quum
1034 1788 1152 1865 impos

218 1886 306 1949 sibile
322 1890 404 1947 esset
417 1886 509 1947 toties
524 1884 836 1961 Missam'celebrare,
857 1872 980 1964 quoties
999 1884 1151 1963 deposce·

216 1988 304 2046 retur
324 1986 564 2044 sacramentum.
588 1983 638 2043 Ab
660 1982 802 2043 orientali
823 2000 891 2042 mos
912 1981 964 2040 hic
985 1982 1150 2043 traductus

217 2084 264 2142 est
276 2079 309 2139 in
325 2078 551 2140 occidentalem
564 2075 748 2152 Ecclesiam,
761 2094 832 2154 quae
843 2091 962 2135 morem
970 2073 1066 2134 illum
1077 2093 1150 2156 qno

216 2174 292 2236 tidie
306 2174 496 2252 frequentat,
516 2173 590 2233 licet
609 2171 801 2231 desiderium
819 2170 966 2232 Ecclesiae
983 2169 1066 2230 illud
1086 2190 1149 2232 esse

216 2268 370 2342 videatur,
383 2272 417 2329 ut
431 2268 499 2328 haec
513 2267 692 2328 communio
706 2268 762 2328 fiat
775 2273 918 2347 tempore
928 2261 1149 2330 celebrationis

217 2361 318 2424 Missae
333 2378 395 2440 quo
410 2362 536 2422 uberius
552 2364 660 2425 fideles
676 2363 715 2423 de
728 2363 881 2424 sacrificio
897 2361 1101 2440 participent.

258 2455 347 2526 Quod
361 2473 435 2516 vero
451 2455 589 2533 pertinet
602 2458 643 2517 ad
662 2458 916 2517 communionem
936 2457 995 2517 sub
1015 2461 1148 2538 utraque

216 2550 332 2628 specie,
358 2551 425 2612 baec
449 2552 543 2614 variis
567 2553 710 2633 subjecta
732 2557 779 2614 est
801 2553 1010 2613 incommodis
1040 2574 1047 2612 ε
1079 2555 1149 2614 licet

217 2664 341 2727 semper
354 2650 475 2710 retenta
490 2647 584 2709 fuerit
601 2648 633 2707 in
655 2649 795 2709 Ecclesia
813 2648 974 2724 Orientali,
995 2650 1147 2726 paulatim

165 2798 169 2806 .
214 2745 318 2810 tamen
329 2743 480 2804 obsolevit
490 2743 522 2820 in
533 2743 737 2821 Occidentali,
750 2744 874 2804 adeo‘nt
888 2761 960 2804 saec.
979 2760 1026 2804 xrr
1043 2748 1078 2806 et
1093 2759 1147 2805 xnr

214 2843 392 2919 spontanee
409 2840 568 2901 transierit
594 2841 626 2900 iu
655 2840 894 2902 desuetudinem
922 2842 1143 2902 universalem.
1211 2850 1212 2867 ¹

216 2937 280 2999 Sub
294 2938 389 2997 finem
405 2955 476 2998 saec.
493 2953 558 3014 xxv,
582 2939 692 2998 Petrus
712 2937 895 2998 Dresdensis
919 2939 951 2997 et
967 2938 1145 2999 Jacobellus

215 3028 389 3105 MisnensiS,
420 3047 498 3109 quos
517 3029 639 3108 excepit
660 3031 725 3089 Hus
745 3049 817 3092 saec.
841 3047 881 3092 xv
902 3030 1048 3107 ineunte,
1072 3032 1146 3091 inci-

214 3121 305 3202 piunt
320 3124 481 3185 decertare
496 3144 553 3204 pro
569 3126 788 3186 communione
802 3125 860 3186 sub
874 3129 1007 3202 utraque
1023 3127 1143 3206 specie,
1211 3160 1212 3223 p

215 3219 304 3296 quasi
319 3220 457 3280 Ecclesia
475 3222 524 3282 vel
543 3221 736 3302 ignoraverit
754 3223 804 3283 vel
823 3223 1048 3300 contempserit
1062 3223 1145 3302 leges
1211 3226 1212 3313 l

215 3312 348 3373 Domini.
1211 3320 1212 3389 Τ

255 3409 359 3470 Rebus
383 3412 427 3471 sic
452 3411 624 3488 stantibus,
651 3412 793 3474 habitum
814 3418 861 3475 est
882 3431 953 3475 saec.
977 3429 1019 3474 xv
1049 3417 1141 3476 Gonc.
1211 3418 1212 3477 Ῑ

214 3503 450 3568 Constantiense
467 3525 474 3566 ε
492 3511 546 3567 aut
560 3506 696 3569 debebat
710 3525 860 3571 revocare
878 3496 1019 3571 veteram
1038 3512 1141 3583 ritum,
1211 3494 1212 3539 ³
