2442 4125
215 346 254 405 18
422 360 650 405 rrsrrrurrorss
669 361 752 405 mnis
773 360 929 405 morici.

213 505 386 566 &alesiam
404 502 574 581 adscriptio
595 504 782 565 auctoritate
801 503 950 581 illorum),
973 504 1027 583 qui
1048 506 1146 585 hujus

214 598 384 680 spiritualis
397 599 523 660 familia
538 602 570 660 et
583 599 741 661 societatis
751 602 858 677 patres
874 604 907 658 et
914 600 1146 678 gubernatores

214 698 328 758 esseut.
352 694 442 758 Unde
466 695 507 755 ab
529 695 667 773 antiquis
694 695 889 773 temporibus
910 700 1075 773 receptum
1099 701 1148 758 est

215 792 307 853 unius
341 791 475 853 Romani
507 790 667 852 Pontificis
700 789 886 851 anctoritate
912 790 1077 852 missiones
1105 792 1147 851 ad

213 896 324 970 gentes
337 886 544 968 baptizandas
558 887 689 961 institui,
701 890 733 946 et
749 886 841 945 unius
855 886 995 964 episcopi
1008 889 1147 948 auctori-

212 988 278 1047 tate
306 991 337 1046 ct
360 1000 516 1046 concensu
544 982 702 1061 baptisma
732 981 766 1042 in
791 980 923 1060 singulis
955 980 1147 1042 dioecasibus

214 1080 439 1141 conferendum
454 1096 534 1140 esse.

253 1178 293 1238 Et
307 1176 434 1256 quidem
448 1176 508 1235 hac
527 1174 558 1233 in
577 1192 613 1234 re
632 1173 783 1251 distingui
802 1172 898 1233 debet
913 1174 1039 1251 privata
1057 1193 1078 1233 a
1098 1192 1146 1235 so·

212 1270 309 1331 lemni
328 1268 525 1346 baptismatis
546 1266 845 1327 administratione:
869 1267 903 1326 ln
924 1266 1049 1343 privata
1068 1267 1147 1344 bap

212 1365 346 1429 tiematis
361 1364 644 1438 administratione,
660 1379 731 1440 quae
745 1362 781 1421 fit
795 1365 926 1441 urgente
944 1362 1144 1438 necessitate,

212 1462 296 1523 licite
310 1460 449 1539 baptizat
464 1457 654 1537 quicumque
668 1458 772 1517 valide
785 1458 935 1536 baptizat.
947 1458 1046 1517 Adest
1060 1460 1147 1519 enim

1210 1345 1212 1416 t

213 1560 425 1638 praesumptus
440 1573 503 1615 nun
518 1555 631 1630 solum,
647 1552 702 1613 sed
723 1552 887 1631 explicitus
904 1552 1052 1613 Ecclesiae
1074 1572 1148 1614 con·
1211 1559 1212 1582 ³

213 1670 334 1728 seusus,
351 1656 386 1714 ut
401 1651 516 1712 nemini
531 1649 642 1711 salutis
655 1648 708 1711 via
721 1648 942 1725 praeludatur.
960 1649 1071 1709 Solum
1084 1655 1148 1712 sta-

213 1754 318 1813 tutum
342 1753 390 1809 ast
417 1754 452 1808 nt
480 1748 609 1827 quidam
636 1746 714 1806 ordo
742 1750 895 1821 servetur,
922 1749 956 1806 ut
977 1747 1147 1809 difficiliori

214 1844 310 1906 modo
344 1844 388 1904 illi
419 1842 627 1904 admittantur
655 1840 696 1899 ad
725 1829 912 1902 sacramenti
945 1843 1147 1905 administra-

211 1939 341 2015 tionem,
358 1937 411 2018 qui
426 1936 528 2016 magis
545 1936 657 2016 procul
676 1943 749 1997 sunt
767 1955 786 1996 a
807 1940 903 1998 sacris
924 1937 1035 1997 officiis
1056 1958 1147 2017 pera·

210 2036 334 2118 gendis,
361 2042 392 2097 et
413 2034 517 2097 sacris
531 2032 721 2094 ministeriis.
744 2033 791 2093 lta
812 2034 959 2095 sacerdos
979 2034 1147 2112 praefertur

213 2126 355 2206 diacono,
382 2128 534 2189 diaconus
553 2126 768 2201 subdiacono,
798 2125 1009 2189 subdiaconus
1029 2129 1145 2189 minori

212 2225 345 2300 clerico,
371 2224 502 2284 clericus
526 2223 626 2299 laico,
655 2221 765 2282 fideles
788 2220 924 2299 infideli,
950 2222 1145 2284 orthodoxus

212 2315 417 2391 heterodoxo,
432 2317 481 2377 vir
495 2317 636 2388 mulieri3
654 2317 825 2377 dummodo
836 2318 922 2378 haud
931 2317 1045 2395 pudor,
1058 2319 1147 2398 haud

211 2411 357 2490 pueritia,
379 2411 464 2471 haud
483 2411 552 2473 aliae
574 2413 711 2473 rationes
732 2427 822 2473 secus
842 2419 1055 2491 opportunum
1076 2431 1147 2474 asse

213 2506 454 2567 nonsuadeant.
598 2491 609 2507 ⁶

252 2603 347 2663 Extra
361 2620 469 2664 casum
484 2604 681 2665 necessitatis
695 2606 735 2666 ad
755 2606 927 2666 solemnem
946 2606 1146 2685 baptismatis

1211 1971 1213 2016 Ι

212 2696 410 2759 collationem
430 2699 641 2760 admittuntur
660 2704 783 2762 tantum
805 2707 920 2779 praeter
941 2703 1143 2782 episcopum,
1210 2742 1211 2755 r

211 2794 395 2873 praesbyteri
411 2799 442 2856 et
457 2795 590 2857 diaconi.
609 2797 739 2857 atvero
758 2795 879 2858 facilius
896 2799 1147 2860 admittebantur

211 2888 333 2951 diaconi
355 2889 387 2950 in
410 2889 512 2969 prima
536 2891 683 2952 Ecclesia
714 2893 909 2970 fundatione,
933 2893 1091 2954 difficilius
1112 2896 1145 2954 in

210 2986 350 3047 Ecclesia
364 2986 505 3049 fundata.
530 2987 649 3048 Eadem
671 3007 745 3050 vero
765 2991 845 3051 ratio
867 2990 1039 3070 utriusque·
1052 2991 1147 3051 disci-

209 3079 314 3159 plina,
331 3081 478 3145 videlicet
497 3089 531 3146 ut
554 3084 678 3144 diaconi
700 3086 921 3147 subsidiariam
943 3105 1036 3164 opem
1056 3106 1147 3166 pres·

209 3173 329 3250 hyteris
343 3173 375 3233 in
391 3175 449 3236 hoc
464 3177 623 3253 afferrent,
646 3179 696 3238 vel
716 3179 841 3239 illorum
861 3179 995 3240 defectui
1015 3181 1147 3258 supple-

210 3270 296 3339 rent;
320 3266 453 3344 proinde
475 3267 595 3329 facilius
617 3271 667 3331 vel
688 3271 846 3332 difficilius
867 3290 925 3351 pro
947 3273 1146 3334 necessitatis

209 3361 260 3422 uel
283 3379 407 3441 magnae
432 3363 573 3425 utilitatis
595 3367 697 3445 gradu
722 3368 761 3428 ad
787 3370 847 3429 hoc
870 3387 985 3430 munus
1012 3369 1144 3430 admissi

210 3463 293 3517 suut.
311 3457 400 3520 Unde
415 3476 540 3538 semper
553 3461 652 3523 habiti
666 3467 740 3524 sunt
754 3464 840 3526 velut
853 3464 1098 3541 extraordinarii,
1112 3472 1145 3526 et

209 3553 387 3616 subsidiarii
411 3555 541 3618 ministri
564 3557 775 3635 baptismatis3
792 3561 825 3619 in
843 3561 904 3622 hoo
926 3579 991 3639 prae
1019 3563 1144 3624 caeteris
