2442 4125
199 324 240 387 30
408 335 638 385 msrrrcrroru
657 336 743 383 cunm
764 334 919 381 cenoman

448 537 461 585 fl
475 528 525 577 111.
539 544 567 577 or
581 542 724 576 canterus
739 542 766 575 sc
781 542 886 576 arruns.

241 673 320 736 VIII.
338 672 415 733 Pars
429 672 537 731 autem
551 666 683 729 Ilitualis
696 666 738 727 ab
752 666 893 729 Ecclesia
912 667 1096 745 prescripta
1109 670 1144 729 iu

199 767 396 848 baptismatis
409 762 575 827 collatione
589 760 786 840 amplissima
799 766 859 835 est,
872 763 904 821 et
915 760 1046 832 infinitis
1061 778 1147 839 pro·

199 865 370 947 pemodum
383 858 595 941 spiritualibus
608 856 727 919 referte
739 857 1034 936 significationibus.

240 966 271 1023 l⁰
285 963 378 1040 Aqua
389 954 619 1029 benedicende,
634 952 808 1031 etquidem
822 972 885 1016 non
899 951 990 1031 juxta
1003 972 1145 1017 consue-

200 1063 249 1120 tcs
262 1055 409 1117 Ecclesiae
423 1054 512 1128 ritus,
528 1051 642 1131 quibus
655 1067 739 1129 aqna
751 1039 888 1111 lustralis
900 1050 944 1111 ed
957 1068 1146 1115 sacramen-

200 1152 276 1215 talia
290 1151 464 1212 damnatur
478 1152 509 1211 et
528 1165 547 1208 a
564 1164 673 1207 rerum
690 1146 894 1226 profanarum
912 1148 1020 1209 usibus
1033 1166 1147 1211 secer-

202 1246 297 1323 nitur,
326 1246 382 1307 sed
410 1243 548 1325 quadam
574 1242 704 1321 speciali
730 1242 948 1305 benedictione
975 1242 1017 1305 ad
1041 1243 1146 1323 hujus

201 1341 389 1404 sacramenti
404 1338 708 1401 administrationem
720 1338 850 1401 directe,
864 1338 946 1401 Satis
955 1342 1004 1400 est
1016 1339 1147 1401 unicui·

202 1455 263 1519 que
273 1437 379 1516 legere
389 1435 546 1496 orationes
557 1452 636 1513 quas
645 1434 794 1495 sacerdos
803 1435 913 1497 recitat
922 1453 1040 1514 aquam
1052 1434 1148 1498 hanc

201 1532 435 1607 benedicturus,
459 1530 607 1607 mysticos
630 1530 709 1591 ritus
733 1547 812 1609 quos
836 1536 976 1609 usurpat,
998 1535 1034 1593 ut
1053 1548 1147 1593 unus

202 1631 334 1709 pirisque
358 1627 449 1689 facile
471 1631 623 1704 agnoscat
649 1626 807 1706 quomodo
834 1627 976 1688 Ecclesia
1001 1628 1147 1705 explicet

202 1724 382 1785 universam
405 1740 494 1782 suam
516 1720 614 1781 fidem
636 1722 677 1783 de
700 1721 793 1801 hujus
814 1722 1146 1803 baptIsmatissacra-

201 1823 318 1880 mente.
336 1818 442 1879 Potius
457 1815 672 1879 animadverto
690 1819 940 1898 antiquissimam
955 1835 1023 1879 esse
1040 1818 1146 1899 hujus

202 1912 348 1973 Ecclesiae
369 1910 539 1991 disciplina
559 1910 713 1990 originem
734 1912 903 1991 (vocabant
919 1914 1027 1973 Patres
1042 1929 1146 1992 aquae

201 2008 455 2090 sanctificationem
470 2010 501 2070 et
514 2006 778 2086 concenationem),
794 2013 825 2070 et
837 2008 934 2071 talem
948 2026 1018 2089 quae
1034 2026 1146 2090 nsque
1215 1999 1216 2038 ³

202 2107 242 2170 ad
256 2108 359 2188 prima
372 2106 492 2168 saecula
500 2105 647 2184 pertinet,
659 2107 692 2165 et
703 2108 793 2165 tanta
801 2104 952 2184 refigicne
962 2109 1143 2184 servatam,

202 2208 236 2265 ut
256 2205 283 2264 si
303 2222 387 2282 aqua
407 2202 448 2264 ad
469 2219 578 2262 omnes
596 2199 803 2278 baptizandos
816 2218 880 2260 non
894 2201 1063 2274 sufficeret,
1084 2221 1145 2280 po·
1214 2202 1215 2207 ’

201 2295 264 2357 tius
286 2312 368 2354 nova
391 2312 448 2372 per
468 2294 594 2354 canales
615 2293 647 2353 in
666 2293 885 2372 baptisterium
905 2292 1144 2371 infunderetur,

203 2406 298 2469 quam
322 2393 356 2450 ut
376 2406 460 2466 aqua
477 2388 609 2466 profana
627 2392 790 2450 uterentur
806 2391 916 2449 Patres
932 2388 1042 2449 nostri.
1058 2388 1145 2450 Haec

202 2501 278 2546 vero
293 2484 469 2546 benedictio
488 2501 507 2544 a
524 2483 628 2545 latinis
645 2484 681 2546 iit
699 2484 837 2546 sabbatis
854 2488 963 2546 sancto
978 2487 1010 2544 et
1023 2485 1146 2545 Pente-

202 2583 321 2656 costen,
346 2598 365 2641 a
387 2581 498 2659 gracie
522 2581 644 2659 quoties
666 2580 823 2659 baptisma
849 2578 1145 2642 administrandum

201 2676 251 2740 sit.

239 2775 273 2834 2⁰
285 2774 311 2833 N
314 2789 354 2834 on
367 2770 470 2833 solum
484 2770 674 2833 elementum
687 2772 720 2832 in
730 2789 791 2851 quo
805 2770 946 2831 dandum
959 2774 1043 2832 esset
1054 2769 1145 2851 bap-

199 2870 293 2931 tisma
313 2868 451 2948 disponit
471 2866 622 2943 Ecclesia,
645 2867 702 2929 sed
726 2874 757 2930 et
778 2868 811 2928 in
831 2867 1028 2928 ceremoniis
1044 2866 1145 2930 circa

199 2965 405 3043 baptizandos
420 2964 523 3040 simul,
540 2968 575 3026 ut
587 2965 684 3024 moris
697 2968 755 3041 est,
772 2965 899 3042 exponit
913 2964 1012 3025 fidem
1029 2981 1142 3027 suam.

200 3062 280 3121 Nam
294 3078 403 3122 omnes
417 3061 466 3122 liae
481 3060 677 3122 caeremonia
692 3059 865 3122 consistunt
879 3061 910 3120 in
925 3059 1144 3122 detestatione
1210 3102 1211 3129 ,

199 3159 411 3234 peccatorum,
434 3159 466 3215 et
479 3155 749 3218 abrenuntiatione
774 3157 910 3232 Satcnae,
934 3162 966 3217 et
991 3155 1144 3234 ejusdem

200 3250 428 3326 exsufflatione,
455 3255 485 3312 et
507 3253 539 3311 in
563 3253 740 3330 sponsione,
763 3253 980 3330 promissione,
1007 3255 1039 3313 et
1057 3259 1143 3316 voto

198 3351 349 3423 perpetuo
370 3345 567 3407 deserviendi
580 3348 713 3411 Christo.
728 3347 835 3408 Prima
849 3349 1020 3427 antiquitus
1033 3346 1143 3412 tiebat

198 3441 378 3502 solemnitas
393 3459 470 3521 erga
483 3443 689 3521 occidentem,
708 3443 771 3505 alia
788 3462 866 3523 erga
881 3445 1033 3506 orientem
1048 3443 1139 3507 iacie

198 3550 365 3598 conversa.-
385 3536 565 3598 GonsIstunt
583 3539 616 3598 in
638 3557 788 3600 manuum
808 3540 1016 3620 impositione,
1040 3558 1140 3604 exor·
1208 3564 1209 3569 ¹
