2442 4125
188 326 247 387 308
400 333 628 383 msrrrumones
649 335 731 381 iners
754 335 911 382 cuuourcr.

188 483 276 546 laicis
289 484 534 562 segregarentur
547 479 740 543 institutione
756 481 1012 545 seminariorum.
1031 485 1131 548 Vide-

188 582 260 642 licet
274 581 334 640 ΡΡ.
350 576 524 640 Tridentini
539 596 556 638 e
571 595 606 636 re
621 577 833 640 ecclesiastica
851 597 919 639 esse
938 579 1131 659 judicarunt

187 679 215 738 si
228 675 416 736 mandarent
429 673 584 754 episcopis
599 673 765 750 universis,
782 679 817 736 ut
827 673 971 754 juniores
991 677 1131 740 clericus

187 772 220 832 in
235 772 401 850 collegium
417 766 577 849 quoddam
591 768 774 848 redigerent
792 769 955 850 inpietate
972 773 1129 854 cultuque

188 869 343 929 bonarum
357 867 472 929 artium
493 883 531 926 ac
549 865 727 944 praesertim
746 865 926 928 divisarum
944 867 1129 932 litterarum

188 963 379 1025 educandos.
400 965 466 1023 Hoc
485 963 653 1042 collegium
673 967 821 1024 vocatum
840 969 887 1026 est
904 966 1103 1028 seminarium
1118 987 1130 1027 .·

186 1060 365 1120 sicutenim
384 1058 614 1120 arbusculaein
635 1058 803 1118 seminario
823 1060 1014 1138 educantur,
1043 1065 1129 1125 unde

186 1155 386 1231 postmodum
399 1153 671 1231 transplantantur
685 1171 883 1233 quocumque
894 1173 976 1235 opus
985 1158 1126 1235 videtur,

185 1250 230 1310 ita
244 1249 345 1311 dictus
360 1254 408 1312 est
421 1251 473 1312 ille
488 1251 587 1327 Iocus,
604 1250 657 1330 qui
673 1255 795 1313 erectus
814 1255 861 1314 est
880 1253 920 1314 ad
940 1272 1129 1335 praeparan·

186 1347 244 1407 dos
258 1346 328 1406 illos
343 1345 396 1427 qui
412 1346 526 1407 deinde
546 1347 728 1408 sacerdotes
749 1349 869 1427 optimi,
891 1353 923 1412 et
941 1352 1127 1414 animarum

185 1445 326 1523 pastores
349 1447 381 1502 et
402 1442 497 1503 duces
526 1441 625 1503 futuri
655 1447 768 1505 essent.
798 1447 840 1506 Ut
862 1446 923 1507 hoc
943 1446 1127 1526 piissimum

187 1558 265 1618 opus
279 1538 495 1602 institueretur
507 1538 557 1600 vel
571 1539 790 1601 rest'tueretur
809 1543 840 1601 et
858 1545 1046 1621 paupertati
1067 1544 1126 1606 cle·

185 1636 323 1697 ricorum
337 1634 410 1695 illuc
426 1631 679 1695 convenientium
697 1636 935 1695 succurreretur
958 1638 993 1697 et
1016 1637 1125 1697 omnia

185 1734 269 1792 recte
284 1730 492 1808 procederent
505 1729 680 1791 secundum
693 1729 790 1790 finem
799 1719 1018 1810 instItutioniS,
1033 1733 1124 1811 plura

186 1826 325 1889 decrevit
338 1843 428 1887 conc.
445 1825 585 1887 Trident.
602 1843 680 1886 sess.
696 1829 734 1888 23
751 1827 790 1888 de
804 1827 861 1888 ref.
880 1844 906 1888 c.
928 1831 978 1890 18.

225 1919 258 1982 Si
285 1919 411 1998 siugula
436 1918 607 1980 seminaria
634 1937 691 1998 pro
725 1920 856 2000 singulis
883 1921 1121 1997 cathedralibus

185 2015 324 2081 ecclesiIs
337 2035 400 2078 non
415 2015 583 2094 sufficiant,
599 2017 731 2081 facultas
753 2017 827 2081 data
848 2021 896 2081 est
914 2019 1075 2100 epIsoopis
1089 2023 1121 2082 ut

183 2117 215 2176 in
232 2114 370 2176 eeclesiis
389 2115 510 2194 amplas
528 2113 680 2175 dioeceses
699 2114 899 2193 habentibus,
916 2117 1012 2194 plura
1026 2119 1119 2180 etiam

183 2216 278 2288 prout
295 2210 354 2271 sihi
376 2216 587 2289 opportunum
605 2208 776 2288 videbitur,
794 2210 932 2273 habeant
950 2213 1119 2275 seminaris

184 2322 254 2383 quae
269 2308 375 2366 tamen
390 2306 459 2385 (pro
474 2306 593 2369 unitate
607 2305 769 2385 regiminis
780 2309 812 2369 et
825 2307 1115 2389 administrationis)

183 2399 224 2458 ab
245 2399 297 2459 illo
322 2417 384 2459 uno
409 2401 495 2479 quod
516 2402 690 2464 incivitate
706 2405 894 2465 erectumet
911 2404 1113 2469 constitutum

182 2492 286 2569 luerit,
301 2494 334 2553 in
349 2494 493 2555 omnibus
507 2496 695 2576 dependeat.

223 2592 301 2653 Gum
316 2595 421 2653 autem
436 2592 578 2655 nonnulli
592 2594 730 2673 episcopi
753 2595 909 2658 tardiores
931 2597 1061 2659 fuissent
1079 2596 1111 2656 in

183 2687 367 2768 exequendo
387 2688 567 2767 hujusmodi
583 2690 711 2751 decreta
725 2691 918 2769 Tridentino,
933 2694 1004 2755 slve
1017 2696 1112 2754 Bene-

182 2782 283 2843 dictus
311 2781 381 2842 XIII
408 2780 567 2842 constitut.
600 2780 717 2843 Credite
743 2782 835 2860 uotis,
860 2784 926 2847 sive
961 2784 1111 2846 Benedic-

181 2880 231 2939 tus
246 2878 316 2940 XIV
331 2876 490 2939 constitut.
511 2876 570 2939 Uti
583 2878 717 2958 primam
738 2880 823 2941 omui
844 2898 940 2957 opere
964 2882 1111 2941 curarunt

181 2980 216 3034 ut
229 2973 411 3054 hujusmodi
425 2973 595 3034 seminaria
609 2993 667 3052 per
680 2976 802 3037 Italiam
816 2977 1001 3056 insulasque
1025 2975 1111 3057 adja-

181 3072 298 3144 centes,
315 3068 341 3127 si
356 3085 419 3128 non
433 3067 576 3129 instituta
594 3070 694 3145 erant,
712 3068 960 3145 instituerentur,
977 3069 1004 3129 si
1025 3068 1111 3131 insti-

179 3163 248 3223 tuta
274 3162 329 3223 sed
357 3161 565 3241 indiguissent
593 3161 805 3241 ampliatione,
830 3161 1106 3240 amplificarentur.

178 3261 278 3320 Immo
300 3260 489 3323 Benedictus
511 3260 581 3320 XIII
606 3260 647 3320 ad
667 3258 839 3339 quamlibet
857 3278 980 3321 moram
999 3260 1108 3323 tollen·

179 3350 253 3411 dam
263 3352 361 3413 voluit
383 3357 417 3415 ut
436 3352 653 3415 institueretur
678 3353 824 3432 quadam
847 3354 1052 3433 congregatio
1074 3356 1102 3416 S.

179 3448 329 3503 Romanae
351 3446 498 3509 Ecclesiae
522 3448 745 3526 cardinalium,
767 3448 851 3512 dicta
870 3449 1105 3512 seminariorum

180 3549 250 3611 quae
274 3532 421 3595 citissime
442 3542 683 3605 seminariorum
706 3544 883 3607 fundationi
910 3545 1100 3625 advigilaret.
